2880 5893
467 2745 513 2781 10

469 3203 516 3238 15

468 3657 518 3691 20

548 1081 603 1125 44
1214 1084 1564 1130 TRACTATUS
1594 1085 1873 1132 ORIGENIS

1484 1549 1611 1661 [V]

628 1994 838 2072 Ioseph
904 2008 1102 2052 autem
1170 1996 1397 2054 devenit
1438 1999 1499 2053 ἰη
1543 1994 1832 2076 Aegypw,
1875 2010 1932 2054 et
1982 1999 2352 2075 comparavit
2411 2018 2543 2055 eum

550 2086 928 2163 PutiphareS,
995 2087 1181 2164 spado
1236 2088 1579 2144 Pharaonis
1629 2092 2009 2167 praepositus
2049 2110 2395 2168 coquorum,
2456 2093 2546 2146 vir

552 2176 919 2255 aegyptia-3¹.

634 2270 1002 2346 Quamquam
1031 2269 1299 2338 dubium,
1332 2269 1544 2327 fratres
1571 2270 1886 2342 carissimi,
1912 2292 2031 2328 non
2068 2271 2145 2328 sit
2177 2271 2238 2328 in
2267 2270 2544 2328 omnibus

555 2358 677 2415 fere
711 2358 884 2416 libris
923 2360 1138 2417 veteris
1179 2360 1514 2418 testamenti
1547 2361 1850 2440 triplicem
1890 2383 2021 2419 esse
2059 2360 2542 2442 significantiam,

554 2449 614 2506 iel
652 2461 742 2506 est
778 2451 1152 2528 prophetiae,
1193 2451 1477 2509 historiae
1522 2464 1582 2510 et
1624 2453 1870 2532 figurae,
1920 2445 2114 2510 tamen
2153 2453 2545 2510 laborandum

555 2541 728 2598 nobis
756 2554 845 2599 est
874 2554 933 2598 ut
955 2564 1431 2622 unamquamque
1460 2565 1584 2601 rem
1620 2542 1680 2600 in
1711 2565 1818 2601 suo
1853 2565 2073 2624 genere
2109 2557 2170 2602 et
2187 2557 2343 2603 statu
2360 2545 2547 2601 disse-

554 2654 685 2690 rere
714 2644 773 2690 et
805 2633 1120 2712 adsignare
1144 2633 1462 2711 possimus
1492 2637 1634 2693 Nam
1670 2635 1987 2713 prophetia
2015 2629 2104 2693 est
2129 2636 2186 2692 in
2205 2634 2546 2713 praescien-

553 2724 635 2781 tia
677 2724 1031 2795 suturorum,
1083 2725 1332 2782 historia
1394 2726 1452 2781 in
1506 2725 1792 2783 relatione
1851 2738 2180 2806 gestorum,
2244 2725 2434 2808 figura
2485 2725 2547 2781 in

556 2814 947 2873 similitudine
975 2837 1195 2885 rerum,
1227 2816 1490 2895 exceptis
1519 2816 1641 2874 illis
1670 2839 1819 2896 quae
1848 2818 1921 2875 ad
1948 2817 2420 2876 aedificationem
2449 2828 2550 2875 aut

556 2905 1021 2964 consolationem
1077 2919 1177 2965 aut
1231 2908 1726 2978 exhortationem,
1789 2921 1890 2966 aut
1943 2908 2018 2966 ad
2074 2908 2547 2987 increpationem

558 2997 858 3077 pertinere
884 2997 1183 3061 videntur.

636 3091 793 3147 Haec
828 3111 971 3171 ergo
1000 3089 1179 3148 lectio
1219 3110 1369 3168 quae
1408 3111 1563 3148 nunc
1600 3090 1848 3149 recitata
1880 3102 1970 3149 est
2007 3091 2378 3149 manifestam
2414 3092 2549 3169 qui-

558 3180 692 3237 dem
727 3180 1039 3238 historiam
1075 3180 1324 3248 indicat,
1363 3203 1512 3260 quae
1548 3185 1737 3241 sancti
1775 3182 2003 3241 iuvenis
2039 3182 2391 3261 pudicitiam
2429 3181 2550 3239 lau·

557 3267 659 3324 dat
701 3279 759 3324 et
802 3267 1188 3324 detestandae
1239 3268 1511 3326 mulieris
1560 3269 1991 3348 impudicitiam
2032 3269 2276 3327 denotat
2316 3279 2375 3327 et
2413 3290 2550 3327 con-

559 3358 820 3416 demnat.
852 3359 972 3418 Sed
1011 3358 1398 3417 nihilominus
1442 3371 1499 3418 et
1533 3360 1757 3442 figurae
1800 3361 2118 3442 imaginem
2162 3360 2341 3443 gerit,
2385 3359 2546 3439 quia,

559 3450 713 3507 sicut
752 3472 860 3507 nec
896 3452 1100 3508 umbra
1138 3451 1266 3508 sine
1303 3472 1552 3531 corpore
1590 3473 1699 3510 nec
1739 3474 1955 3531 corpus
2000 3451 2127 3510 sine
2173 3453 2381 3509 umbra
2421 3473 2551 3509 esse

559 3553 779 3620 potest,
819 3541 905 3599 sic
951 3563 1060 3600 nec
1098 3544 1316 3601 veritas
1352 3542 1481 3601 sine
1524 3543 1714 3624 figura
1754 3565 1864 3602 nec
1903 3543 2093 3625 figura
2137 3543 2266 3602 sine
2304 3543 2553 3602 veritate

560 3634 878 3691 constabit.
934 3637 1098 3708 Quae
1158 3657 1252 3692 res
1311 3634 1422 3692 etsi
1469 3635 1531 3692 in
1578 3633 1868 3693 relatione
1928 3634 2300 3714 discrepant,
2353 3648 2554 3694 tamen

617 3821 659 3862 1.
692 3819 810 3865 Gna.
835 3820 1026 3873 XXXIX,
1052 3821 1092 3866 1.

617 4043 641 4084 2
660 4042 849 4100 Ioseph]
876 4043 1022 4099 oseph
1045 4048 1098 4094 B,
1121 4043 1315 4087 initialis
1341 4044 1521 4087 litterae
1540 4044 1664 4086 locus
1686 4059 1853 4087 vacuus
1871 4043 2105 4086 remansit.
2124 4067 2179 4076 —
2200 4045 2226 4085 3
2249 4041 2553 4099 Putiphares]

562 4098 740 4154 scripsi,
764 4099 982 4154 phutiph.
1007 4104 1044 4142 Β
1066 4100 1202 4155 putif.
1228 4104 1265 4141 F
1287 4125 1341 4133 -
1359 4101 1633 4165 coquorum]
1658 4099 1835 4165 scripsi,
1860 4114 1963 4165 coc..
1985 4104 2024 4141 B
2046 4113 2179 4166 quoe.
2197 4101 2242 4164 ,F
2265 4101 2361 4164 -⁴5
2384 4097 2557 4148 Quam·-

563 4154 722 4210 quam]
753 4157 791 4195 F
811 4168 1076 4210 quanquam
1099 4160 1139 4198 B
1159 4180 1214 4189 —
1243 4159 1298 4200 fr.
1332 4156 1518 4213 carisa]
1556 4158 1611 4200 fr.
1645 4156 1817 4198 kariss.
1850 4160 1888 4198 B
1917 4155 2210 4197 dilectissimi
2242 4155 2297 4196 fr.
2330 4157 2442 4196 F—
2463 4168 2556 4196 non

562 4209 641 4274 sit]
660 4215 763 4274 ppsc
784 4209 1035 4276 dubiumJ'
1049 4234 1103 4276 T
1123 4214 1149 4254 9
1172 4212 1442 4276 adsignare]
1466 4215 1505 4253 F
1524 4212 1771 4277 assignare
1790 4216 1829 4253 B
1850 4235 1899 4243 —
1919 4210 2250 4307 praescientia}
2271 4209 2557 4275 BFss-praes·

560 4271 729 4307 tlencla
750 4268 788 4306 F'
805 4290 860 4296 —
883 4267 929 4307 11
959 4267 1450 4324 Similitud1neJ...nem
1467 4271 1570 4309 F—
1599 4268 1650 4309 12
1674 4281 1800 4310 mere
1840 4281 1866 4309 a
1886 4285 1945 4306 ve*
1970 4280 2079 4309 nere
2099 4269 2138 4308 F
2154 4290 2210 4298 —
2258 4267 2284 4307 4
2308 4272 2436 4307 recit.
2465 4270 2536 4308 est

562 4336 612 4363 re
636 4338 659 4360 *
680 4338 702 4360 αι
726 4323 765 4362 F
780 4344 837 4353 —
859 4322 910 4363 15
932 4321 1133 4379 iuvenis]
1164 4339 1188 4362 *
1211 4326 1248 4363 F
1266 4347 1321 4354 —
1342 4323 1636 4380 pudicitiam]
1664 4327 1700 4365 F
1719 4339 1783 4379 pu
1819 4323 1956 4365 iciam
1979 4326 2018 4364 Β
2039 4346 2093 4354 —
2115 4323 2169 4364 16
2189 4320 2533 4377 impudicitiam

561 4376 1068 4474 ῗἪῘὶιῖἶῗξέῃῖἒοῖἛ
1083 4381 1225 4475 9ᾰῖ
1243 4403 1301 4475 ‘F
1316 4380 1373 4466 ¹-⁷-
1387 4376 2561 4492 ῗῖῗέἒὲἷἶιὲηὲῖέἷμίῐὲοὲἓῗῑῗέ’ἲὲῗῖἓάξιὶἳῗῖ

564 4487 703 4529 sicuti
724 4490 763 4529 F
782 4512 832 4520 —
853 4488 952 4530 sine
975 4448 1240 4587 corpor-effi
1258 4508 1281 4529 ,υ
1304 4493 1406 4531 F—
1425 4451 1477 4533 ii)
1500 4490 1567 4532 sic
1589 4504 1672 4532 nec
1692 4449 1885 4546 vestig]
1913 4449 1976 4528 *p*
1993 4506 2016 4528 ,ι
2042 4495 2114 4531 tas
2137 4491 2240 4530 F—
2257 4488 2411 4544 figura
2435 4487 2537 4530 sine

564 4558 662 4600 sup.
688 4543 766 4586 lin.
796 4547 835 4589 B
854 4568 910 4577 —
929 4545 982 4586 20
1003 4551 1166 4588 consta
1203 4545 1259 4605 it]
1289 4562 1313 4585 *
1336 4548 1374 4587 F
1390 4570 1446 4578 —
1473 4544 1762 4603 discrepant]
1789 4544 2088 4601 discrepaent
2112 4544 2179 4586 F2
