2880 5893
1174 1112 1522 1159 TRACTATUS
1554 1105 1638 1157 in'
2337 1111 2391 1154 33

401 1240 557 1275 mum
593 1217 884 1297 scriptura
931 1220 1208 1300 angelum
1243 1220 1611 1297 pronuntiat,
1653 1231 1710 1276 et
1746 1217 1962 1275 deinde
1998 1219 2210 1274 Deum.
2265 1214 2387 1274 Sed

401 1309 451 1365 si
498 1310 746 1390 angelus
784 1321 929 1381 erat,
962 1311 1261 1389 quomodo
1311 1313 1469 1368 Deus
1517 1309 1869 1369 dicebatur?
1897 1309 2194 1389 Angelum
2230 1305 2387 1365 enim

399 1402 589 1457 Deum
625 1400 743 1459 dici
786 1423 905 1458 non
946 1401 1105 1459 licet.
1153 1401 1271 1460 Aut
1318 1401 1369 1459 si
1421 1403 1581 1459 Deus
1618 1414 1765 1473 erat,
1802 1400 2100 1480 quomodo
2137 1399 2386 1480 angelus

404 1493 759 1549 vocabatur?
808 1494 928 1552 Sed
971 1492 1108 1551 ideo
1147 1493 1284 1564 hoc,
1332 1504 1397 1550 ut
1442 1493 1787 1551 ostenderet
1843 1493 2138 1572 scriptura
2186 1489 2386 1548 divina

402 1583 621 1641 Filium
681 1584 815 1655 Dei,
881 1607 999 1642 non
1071 1587 1304 1643 Patrem
1330 1629 1343 1655 ,
1403 1585 1477 1642 ad
1520 1584 1680 1665 Agar
1739 1584 1922 1642 fuisse
1978 1584 2262 1653 locutum,
2331 1591 2391 1638 et

402 1674 600 1753 ipsum
628 1675 681 1732 ei
710 1677 823 1732 hoc
860 1676 1042 1734 fuisse
1062 1675 1399 1753 pollicitum
1419 1688 1483 1733 ut
1510 1676 1570 1733 in
1601 1688 1838 1756 gentem
1871 1696 2144 1756 magnam
2171 1674 2392 1732 faceret

401 1786 560 1838 eum,
599 1766 736 1845 quia
766 1788 871 1845 per
907 1767 1103 1846 legem
1132 1779 1190 1824 et
1227 1768 1551 1846 prophetas
1588 1789 1823 1845 semper
1850 1766 1979 1845 ipse
2011 1767 2246 1824 locutus
2274 1776 2387 1837 est,

404 1856 557 1914 sicut
592 1857 665 1914 de
705 1879 774 1915 eo
815 1858 1105 1936 scriptum
1129 1871 1219 1916 est
1254 1881 1265 1914 :
1298 1860 1425 1937 Ego
1466 1861 1573 1938 qui
1594 1858 1881 1938 loquebar
1916 1862 2046 1914 veni
2069 1857 2111 1913 ¹.
2144 1859 2218 1914 Et
2259 1855 2394 1914 ideo

403 1947 684 2030 angelum
737 1948 1029 2027 scriptura
1082 1949 1253 2020 dixit,
1301 1960 1367 2006 ut
1416 1971 1547 2007 eum
1600 1949 1795 2029 magni
1842 1949 2077 2006 consilii
2122 1944 2394 2006 nuntium

401 2038 717 2097 indicaret.
780 2042 915 2119 Ipse
970 2041 1128 2097 enim
1187 2040 1385 2097 omnia
1454 2061 1665 2097 arcana
1729 2052 2012 2119 paternae
2070 2039 2394 2097 voluntatis

405 2130 789 2188 credentibus
853 2131 1174 2201 reseravit,
1244 2132 1455 2209 nequis
1522 2130 1715 2209 ipsum
1770 2134 2011 2189 Patrem
2074 2130 2390 2210 ipsumque

406 2221 645 2292 Filium,
704 2233 766 2279 ut
817 2224 1071 2279 Praxeas
1130 2235 1187 2279 et
1250 2222 1548 2279 Sabellius
1602 2235 1895 2291 asserunt,
1954 2244 2083 2279 esse
2133 2234 2391 2301 putaret,

406 2311 564 2369 unde
591 2313 1014 2391 patripassiani
1051 2313 1339 2371 haeretici
1368 2326 1806 2392 nuncupantur.
1838 2316 1915 2370 Et
1944 2314 2080 2370 ideo
2121 2313 2397 2393 angelum

407 2403 756 2474 nominavit,
787 2416 851 2462 ut
878 2426 997 2462 non
1029 2404 1244 2475 Patris,
1285 2404 1390 2461 sed
1425 2404 1561 2462 Filii
1583 2426 1898 2483 personam
1927 2404 1989 2462 in
2017 2405 2126 2462 hac
2154 2403 2393 2484 pollici-

408 2493 632 2551 tatione
680 2508 1059 2553 monstraret.
1119 2498 1308 2552 Deum
1361 2512 1500 2553 vero
1574 2497 1848 2554 eumdem
1901 2495 2179 2578 angelum
2222 2493 2394 2566 dixit,

409 2598 471 2643 ut
515 2586 625 2644 Dei
654 2586 840 2644 filium
869 2587 1059 2645 Deum
1105 2608 1234 2645 esse
1271 2587 1639 2648 ostenderet.
1683 2589 1766 2645 Ac
1802 2588 2057 2667 proinde
2117 2598 2177 2645 et
2211 2608 2395 2667 ange-

409 2677 500 2734 lus
546 2691 794 2757 propter
837 2679 1242 2736 obedientiam
1303 2690 1584 2757 paternae
1651 2679 1971 2737 voluntatis
2021 2678 2271 2750 dicitur,
2304 2699 2309 2703 ·
2340 2689 2400 2735 et

408 2770 569 2826 Deus
597 2769 924 2827 secundum
947 2781 1220 2827 naturam
1255 2770 1469 2842 Patria,
1508 2770 1645 2848 quia
1672 2792 1805 2829 vere
1828 2773 1988 2828 Deus
2017 2782 2129 2841 est,
2167 2791 2399 2827 nuncu-

408 2872 605 2938 patur.
644 2860 835 2918 Filius
872 2861 1091 2919 etenim
1131 2861 1264 2933 Dei,
1303 2863 1463 2919 Deus
1499 2884 1673 2919 verus
1713 2862 1785 2919 de
1819 2865 1947 2919 Deo
1983 2884 2141 2928 ver0,
2185 2860 2397 2940 unige-

409 2950 569 3009 nitus
597 2953 672 3009 ab
702 2952 996 3032 ingenito,
1028 2974 1147 3010 non
1178 2965 1376 3030 potest
1403 2953 1554 3011 alius
1583 2975 1714 3011 esse
1747 2975 1922 3031 quam
1956 2956 2142 3011 Deus.

487 3043 609 3101 Sed
645 3043 760 3100 iam
787 3043 1005 3101 sufficit
1042 3045 1189 3101 haec
1227 3044 1537 3123 hucusque
1569 3056 1883 3102 tractasse.

469 3215 508 3259 1.
540 3217 600 3260 Is.
628 3217 726 3268 LII,
749 3219 793 3262 6.

467 3438 487 3480 1
512 3439 751 3496 angelum]
767 3444 870 3496 post
892 3441 1099 3496 primum
1120 3443 1226 3482 F—
1244 3443 1268 3483 2
1292 3442 1507 3499 angelus]
1533 3445 1571 3483 F
1591 3442 1705 3484 deus
1724 3445 1763 3483 B
1784 3467 1838 3475 —
1860 3443 2002 3499 Deus]
2024 3446 2062 3484 F
2081 3443 2276 3499 angelus
2297 3446 2335 3484 Β
2352 3466 2407 3475 -

410 3494 556 3551 enim]
573 3498 613 3536 B
626 3496 683 3537 1⁵¹2
700 3501 771 3538 est
787 3498 889 3537 F—
904 3499 928 3538 5
943 3497 1146 3553 Patrem]
1165 3500 1203 3539 B
1217 3498 1281 3539 F2
1294 3512 1456 3562 parem
1474 3500 1571 3539 F—
1583 3501 1608 3540 8
1623 3498 1679 3541 de
1695 3512 1747 3539 eo
1785 3500 1900 3539 BF³
1914 3499 2000 3540 deo
2014 3501 2117 3539 F—
2134 3500 2186 3540 10
2201 3499 2380 3541 volunt.

409 3550 590 3605 volUpt.
614 3554 653 3591 F
669 3565 723 3592 ac
748 3551 940 3594 subinde
963 3577 1012 3584 —
1032 3553 1082 3595 11
1107 3554 1353 3610 reseravit]
1378 3554 1568 3601 correaei,
1594 3569 1749 3595 resera
1787 3554 1876 3595 itB
1893 3555 2161 3596 resserabat
2177 3557 2281 3596 1³-
2297 3569 2384 3611 que

411 3606 492 3661 qui
512 3609 569 3647 1⁴¹2
594 3630 644 3638 —
665 3606 717 3648 12
741 3606 908 3649 Filium
950 3608 1024 3650 dei
1045 3608 1195 3650 filium
1219 3612 1256 3651 F
1272 3614 1341 3651 est
1364 3609 1490 3651 filius
1511 3611 1569 3651 1⁷¹2
1591 3634 1648 3642 —-
1669 3610 1723 3651 13
1744 3610 2104 3667 patripassiani]
2124 3611 2162 3651 F
2184 3610 2409 3666 patu-icas-

413 3662 536 3703 siani
558 3665 597 3703 Β
617 3686 672 3693 —
703 3663 755 3705 15
788 3678 892 3705 eum
929 3663 1020 3720 em]
1049 3664 1226 3720 scripsi,
1255 3664 1451 3706 eundem
1482 3668 1522 3707 Β
1552 3667 1660 3706 F—
1681 3666 1827 3708 Deum
1853 3666 1919 3722 w]
1947 3681 2113 3709 verum
2134 3666 2273 3707 deum
2293 3669 2332 3707 F
2353 3690 2409 3699 -

412 3716 466 3758 16
496 3717 781 3774 ostenderet]
815 3719 924 3760 add.
957 3722 996 3760 F
1027 3719 1125 3762 Non
1160 3721 1284 3762 enim
1313 3726 1508 3763 naturae
1543 3735 1635 3763 non
1673 3721 1996 3764 nominaturus
2026 3722 2322 3778 componitur
2355 3746 2409 3755 —

414 3772 468 3814 19
484 3772 588 3829 Dei]
607 3788 694 3816 om.
713 3775 872 3816 F——21
891 3775 1059 3817 suffieit
1077 3776 1189 3817 haec
1206 3776 1465 3832 hucusque]
1489 3777 1588 3818 suffi
1606 3794 1628 3816 ἡ
1642 3793 1701 3816 *2*
1722 3792 1868 3833 usque
1885 3780 1983 3818 F—
1996 3777 2244 3834 tractasse]
2265 3780 2409 3819 Doxo-

412 3827 537 3886 logia
561 3829 765 3884 sequitur
786 3844 795 3872 :
820 3830 913 3872 Deo
945 3831 1074 3887 (add.
1109 3833 1234 3873 Patri
1258 3832 1311 3888 F)
1337 3833 1642 3889 omnipotenti
1669 3832 1894 3874 maximas
1930 3839 2068 3889 atque
2093 3833 2135 3890 (*
2157 3834 2210 3890 F)
2240 3833 2407 3876 uberes

410 3884 594 3939 gratias
619 3899 815 3940 agamus
842 3885 1047 3942 (agcntez
1072 3889 1124 3942 F)
1147 3902 1231 3942 per
1253 3887 1492 3929 domiuum
1523 3895 1735 3930 nostrum
1758 3889 1912 3930 Iesum
1938 3889 2149 3944 Xpistum
2176 3889 2218 3945 (*
2247 3890 2296 3944 F)

518 4623 718 4661 Bursam..
747 4643 793 4652 —
823 4625 1006 4661 Tracaeaeus
1028 4627 1202 4675 origenis.
2301 4630 2322 4669 3

2431 1603 2455 1638 5

2434 2059 2480 2093 10

2437 2515 2482 2550 15

2437 2974 2487 3008 2⁰
