2880 5893
476 1072 530 1114 28
778 1133 784 1144 ⁸
1141 1076 1493 1122 TRACTATUS
1525 1077 1806 1123 ORIGENIS

479 1177 614 1255 quia
661 1190 719 1235 et
751 1177 1041 1237 iniustitia
1088 1180 1315 1239 homini
1361 1182 1689 1252 blanditur,
1744 1194 1809 1240 ut
1849 1184 2474 1261 personam'potentis

478 1268 732 1346 accipiat
769 1281 827 1327 et
863 1271 1051 1351 gratia
1095 1272 1220 1330 eius
1274 1272 1460 1331 flexus
1505 1294 1624 1330 non
1683 1286 1909 1331 rectum
1962 1273 2248 1331 iudicium
2297 1274 2469 1337 ferat,

479 1361 860 1438 Quapropter
910 1361 1261 1443 intellegere
1314 1364 1495 1422 debet
1538 1364 1694 1442 quiS‚
1748 1364 1883 1442 quia
1930 1366 2040 1422 sub
2084 1363 2283 1442 speeie
2346 1364 2475 1422 ludi

479 1449 758 1507 blandam
783 1453 1259 1529 persecutionem
1280 1456 1353 1512 ab
1377 1455 1667 1513 iniustitia
1696 1456 1939 1534 patitur.
1974 1456 2091 1513 Sed
2125 1454 2262 1534 quia
2297 1457 2476 1514 Sarra

418 1560 442 1594 5
479 1541 729 1620 figuram
782 1543 1018 1601 virtutis
1057 1545 1233 1625 gerit,
1286 1545 1539 1623 proinde
1581 1545 1996 1604 huiuscemodi
2041 1545 2216 1604 ludus
2262 1546 2474 1605 Ismael

479 1654 611 1690 cum
637 1635 820 1705 Isaac,
843 1634 905 1691 id
926 1647 1017 1692 est
1043 1636 1237 1694 carnis
1259 1657 1392 1694 cum
1418 1637 1656 1715 spiritu,
1684 1639 1945 1707 Sauram,
1974 1658 2123 1716 quae
2151 1649 2242 1695 est
2258 1638 2474 1708 virtuS,

483 1726 731 1784 maxime
769 1726 1041 1784 offendit.

564 1816 683 1874 Sed
719 1839 852 1875 cum
889 1819 1129 1889 eiceret,
1170 1820 1387 1899 inquit,
1430 1820 1730 1877 Abraham
1773 1820 1934 1900 Agar
1962 1819 2034 1878 de
2064 1820 2262 1888 dome,
2299 1841 2474 1878 acee-

475 1914 564 1989 pit
605 1930 796 1986 panes
830 1922 884 1967 et
924 1925 1111 1968 utrem
1158 1932 1379 1992 aquae,
1442 1924 1498 1968 et
1538 1911 1696 1968 dedit
1746 1917 1820 1982 ei,
1884 1924 1938 1969 et
1973 1916 2249 1990 imposuit
2289 1934 2473 1990 super

398 2016 445 2051 ¹0
484 2001 758 2058 humeros
789 2006 912 2058 eius
944 2004 1252 2082 infantem,
1290 2015 1344 2060 et
1381 2004 1599 2060 dimisit
1626 2023 1781 2060 eam.
1812 2004 2038 2061 Exiens
2067 2015 2263 2060 autem
2301 2002 2476 2082 Agar

482 2096 706 2150 erravit
740 2096 799 2148 in
831 2095 1081 2164 deserto,
1115 2108 1171 2151 et
1203 2095 1414 2174 defecit
1443 2116 1608 2174 aqua
1652 2095 1723 2151 de
1783 2106 1935 2162 utre,
1967 2106 2021 2151 et
2042 2098 2246 2173 posuit
2281 2096 2475 2174 infan-

485 2196 595 2240 tem
630 2184 740 2240 sub
775 2185 1012 2255 arbore,
1065 2199 1118 2243 et
1164 2186 1314 2242 sedit
1354 2201 1562 2243 contra
1595 2185 1788 2243 eum1.
1840 2184 1959 2243 Sed
1996 2184 2142 2264 quid
2171 2184 2474 2266 significet

484 2275 645 2353 quod
700 2275 988 2333 infantem
1048 2276 1107 2334 in
1160 2277 1438 2334 humeros
1506 2278 1632 2334 eius
1695 2276 1979 2355 imposuit
2050 2290 2108 2335 et
2170 2296 2354 2354 panes
2418 2288 2480 2334 et

484 2378 675 2423 utrem
720 2388 926 2445 aquae,
975 2389 1091 2424 non
1144 2380 1234 2425 est
1277 2368 1542 2449 segniter
1576 2367 2027 2425 transeundum.
2076 2366 2276 2424 Infans
2317 2365 2476 2425 enim

400 2471 446 2508 1⁵
485 2455 610 2527 ille,
654 2469 720 2515 ut
780 2479 956 2537 saepe
995 2458 1275 2529 diximuS,
1315 2458 1472 2516 filius
1517 2457 1790 2528 ancillae,
1829 2457 2050 2516 iudaici
2093 2457 2302 2536 populi
2346 2479 2476 2536 per-

486 2569 692 2606 sonam
739 2549 989 2617 habenS,
1043 2571 1288 2607 neeesse
1339 2562 1465 2608 erat
1498 2563 1565 2607 ut
1604 2562 1883 2628 peccator
1919 2549 2177 2629 populus
2222 2560 2281 2606 et
2327 2548 2477 2606 insi·-

484 2638 656 2717 piens
685 2642 976 2698 cervicem
1007 2641 1236 2712 matriS,
1272 2641 1332 2698 id
1361 2653 1452 2699 est
1482 2644 1856 2723 Synagogae,
1897 2652 2188 2723 gravaret.
2221 2643 2298 2697 Et
2340 2638 2478 2697 ideo

485 2731 695 2787 Ismael
759 2730 1090 2810 imponitur
1156 2733 1216 2789 in
1282 2733 1437 2789 collo
1488 2732 1691 2789 matris
1741 2753 1903 2789 suae.
1953 2730 2226 2810 Denique
2268 2731 2354 2788 sic
2419 2743 2480 2789 et

484 2819 544 2877 in
585 2821 863 2899 passione
893 2823 1157 2893 Domini,
1204 2823 1361 2882 idem
1402 2822 1684 2902 populuS,
1726 2836 1790 2880 ut
1836 2822 2052 2881 collum
2098 2821 2303 2879 matris
2347 2844 2478 2904 gra·

396 2927 448 2963 20
485 2926 676 2981 varet,
723 2913 996 2973 clamavit
1046 2939 1059 2972 :
1122 2916 1381 2995 Sanguis
1433 2919 1559 2973 eius
1608 2935 1787 2991 super
1840 2936 1946 2972 nos
1996 2926 2053 2971 et
2106 2934 2288 2991 super·
2317 2914 2479 2989 filios

485 3018 716 3062 nostros
745 3006 787 3061 2.
835 3008 910 3063 Et
961 3005 1100 3063 inde
1158 3019 1250 3064 est
1309 3006 1471 3085 quod
1524 3019 1768 3085 peccata
1818 3004 2030 3085 populi
2097 3004 2210 3074 sui,
2264 3004 2328 3061 id
2387 3016 2480 3061 est

484 3094 593 3151 filii
637 3096 933 3165 Abrahae,
970 3097 1096 3174 ipsa
1147 3109 1434 3176 portaret.
1475 3100 1668 3156 Panes
1706 3109 1900 3156 autem
1941 3097 2056 3154 hoc
2104 3095 2474 3164 indicabant,

484 3187 647 3263 quod
702 3199 871 3244 vetus
923 3188 1321 3246 sacerdotium
1378 3210 1563 3268 panes
1600 3187 2056 3266 propositioniS,
2092 3186 2246 3244 sicut
2285 3186 2480 3265 scrip-

485 3288 609 3333 tum
655 3280 798 3348 est3,
833 3291 1100 3357 portaret
1132 3301 1331 3337 secum
1367 3291 1427 3337 et
1466 3281 1626 3338 vesci
1662 3280 1931 3337 haberet.
1972 3282 2117 3338 Uter
2158 3299 2298 3334 vero
2342 3299 2478 3339 cum

396 3383 447 3419 25
486 3388 636 3446 aqua
703 3391 853 3448 quae
926 3371 1144 3428 defecit
1204 3371 1499 3429 iudaicam
1570 3370 2046 3451 purificationem
2123 3368 2480 3451 designabat

542 3546 582 3587 1.
616 3545 733 3588 GEN.
759 3545 874 3593 XXI,
907 3546 1060 3589 14-16.

540 3602 583 3643 2.
615 3601 737 3644 ΜΑΤ.
767 3601 945 3652 XXVII,
967 3602 1037 3645 25.

541 3658 580 3699 3.
614 3657 699 3699 Ex.
724 3657 853 3707 XXV,
881 3658 948 3701 29.

541 3881 562 3922 1
586 3880 784 3937 homini]
811 3897 835 3919 ψ
862 3881 909 3922 ni
928 3883 1036 3922 F—
1055 3882 1079 3922 2
1107 3881 1305 3938 rectum]
1341 3884 1376 3922 F
1402 3881 1579 3923 iustum
1605 3884 1643 3922 B
1672 3905 1728 3913 --
1754 3882 1779 3922 3
1810 3879 2039 3936 intelleg.]
2076 3881 2112 3920 F
2137 3877 2340 3933 intellig.
2363 3881 2403 3919 Β
2422 3902 2479 3910 ——

484 3939 510 3977 6
529 3936 717 4002 spiritu]
744 3939 782 3978 B
803 3939 873 3978 Ρ2
898 3937 1118 3993 spiritum
1139 3940 1178 3978 F
1195 3962 1251 3969 -
1275 3938 1300 3978 8
1322 3937 1577 3994 Abraham]
1603 3940 1642 3978 Β
1664 3937 1726 3978 Ι«’2
1747 3936 2010 3978 habraham
2036 3937 2075 3976 F
2090 3936 2186 3976 —9
2207 3933 2267 3990 ei]
2297 3935 2425 3989 Agar
2444 3935 2482 3973 F

483 4017 539 4024 —
555 3992 799 4049 lmposuit]
820 3992 993 4048 scripsi,
1019 3992 1064 4034 in
1104 3993 1229 4035 osuit
1245 3995 1284 4034 B
1304 3996 1342 4034 F
1359 4018 1414 4024 —
1430 3993 1481 4034 10
1499 3993 1718 4034 humeros
1763 3994 1803 4034 B
1823 3993 1887 4033 1¹⁸3
1910 3991 2132 4034 humerus
2152 3993 2253 4030 F—
2267 3990 2316 4031 11
2333 3988 2474 4045 aqua]

484 4050 524 4090 Β
555 4048 621 4089 F³
651 4062 768 4104 aque
802 4050 841 4089 F
857 4073 913 4080 -
931 4049 980 4090 12
1013 4053 1059 4090 et
1110 4055 1155 4091 et
1177 4048 1276 4090 iens
1298 4051 1337 4090 F
1354 4074 1410 4081 —
1430 4048 1561 4105 quid]
1593 4047 1700 4090 add.
1762 4061 1815 4088 oc
1836 4049 1875 4088 F
1895 4073 1951 4078 —
1972 4047 2025 4088 13
2047 4044 2284 4101 humeros]
2309 4044 2478 4086 hume-

485 4118 565 4145 rus
595 4105 633 4144 F
653 4129 709 4135 —
735 4103 979 4160 imposuit]
1013 4106 1049 4145 F
1075 4104 1284 4160 inposuit
1318 4107 1356 4145 B
1386 4129 1437 4136 —-—
1468 4105 1521 4145 14
1552 4108 1623 4146 est
1674 4103 1785 4145 add.
1818 4102 1944 4145 enim
1965 4105 2075 4143 F-
2097 4099 2322 4157 segniter]
2347 4103 2386 4140 B
2407 4101 2477 4140 F²

486 4159 808 4214 significanter
836 4161 875 4200 F
913 4163 956 4201 et
993 4160 1106 4201 add.
1139 4160 1280 4209 QVID
1322 4160 1531 4201 INFANS
1569 4160 1622 4201 IS
1666 4160 1700 4201 E
1738 4157 2074 4201 SIGNIFICET
2111 4181 2165 4189 —
2204 4154 2346 4199 enim*
2387 4169 2475 4199 om.

484 4216 523 4255 F
541 4238 595 4246 —-
617 4215 669 4256 15
699 4214 919 4271 diximus]
947 4214 1042 4256 iam
1071 4215 1165 4257 dixi
1195 4217 1233 4256 F
1259 4240 1315 4247 —
1344 4216 1396 4257 16
1427 4215 1634 4271 necesse]
1659 4214 1772 4258 add.
1802 4228 1915 4270 ergo
1939 4216 2005 4254 F²
2026 4237 2082 4244 —
2105 4212 2155 4254 17
2179 4211 2224 4253 id
2249 4216 2322 4254 est
2365 4224 2479 4253 suae

484 4272 523 4310 F
540 4295 594 4301 -—-
617 4271 668 4311 18
699 4270 974 4327 imponitur]
1007 4270 1182 4327 scripsi,
1214 4270 1311 4327 inp.
1339 4274 1378 4312 Β
1411 4273 1450 4313 F
1477 4295 1533 4302 -—
1562 4270 1691 4326 suae]
1720 4286 1744 4309 *
1773 4272 1813 4311 F
1834 4293 1888 4301 ——
1914 4269 1967 4311 19
1989 4268 2055 4325 in]
2089 4271 2128 4310 B
2150 4272 2193 4308 ei
2217 4266 2264 4308 in
2290 4280 2383 4308 ras.
2407 4266 2476 4307 F2

486 4350 538 4357 —
561 4325 745 4382 matris]
772 4342 796 4365 νε
818 4328 857 4368 F
879 4351 924 4358 —-
945 4328 997 4368 20
1021 4332 1066 4368 et
1088 4341 1144 4368 su
1167 4343 1189 4365 *
1205 4343 1229 4365 τι
1245 4340 1297 4367 os
1322 4333 1507 4368 nostros
1531 4329 1636 4367 F—
1657 4327 1706 4369 21
1732 4327 1790 4368 Et
1807 4324 1932 4381 inde]
1956 4325 2013 4367 Et
2032 4339 2118 4365 om.
2142 4325 2181 4364 F
2201 4347 2258 4354 —
2281 4320 2381 4364 ides
2410 4337 2434 4361 *
2452 4337 2477 4360 *

486 4388 662 4430 abrahe
692 4391 802 4429 F—
828 4389 880 4430 22
945 4388 1140 4445 ortaret]
1176 4388 1284 4430 add.
1323 4392 1361 4430 F
1387 4389 1528 4439 QVID
1558 4388 1749 4432 PANES
1782 4388 1834 4430 Sl
1863 4403 1888 4426 *
1915 4386 2127 4429 FICENT
2158 4385 2300 4435 QVID
2321 4375 2476 4427 VTRE

486 4450 683 4500 AQUAE
702 4442 773 4494 v’fi
800 4452 949 4494 EAnh
973 4452 1050 4502 AQ
1075 4469 1098 4492 *
1122 4452 1615 4495 INTELLEGANTVR
1638 4477 1690 4483 --
1710 4452 1762 4493 23
1787 4449 2115 4506 sacerdotium]
2143 4463 2222 4491 sac
2244 4465 2269 4488 *
2293 4448 2418 4491 cium
2441 4449 2482 4489 F

486 4531 541 4539 —
564 4508 616 4551 24
635 4507 765 4568 Uter]
784 4511 935 4549 utrem
954 4511 1060 4550 F—
1080 4510 1133 4552 25
1152 4507 1452 4568 designabat]
1475 4523 1562 4550 om.
1593 4510 1640 4549 F.
