<?xml version="1.0" encoding="UTF-8"?>
<!DOCTYPE html PUBLIC "-//W3C//DTD XHTML 1.0 Transitional//EN"
    "http://www.w3.org/TR/xhtml1/DTD/xhtml1-transitional.dtd">
<html xmlns="http://www.w3.org/1999/xhtml" xml:lang="en" lang="en">
 <head>
  <title>
</title>
<meta http-equiv="Content-Type" content="text/html;charset=utf-8" />
  <meta name='ocr-system' content='tesseract 3.04.00' />
  <meta name='ocr-capabilities' content='ocr_page ocr_carea ocr_par ocr_line ocrx_word'/>
</head>
<body>
  <div class='ocr_page' id='page_1' title='image "./tractatusorigen00batigoog_0126.png"; bbox 0 0 2880 5893; ppageno 0'>
   <div class='ocr_carea' id='block_1_1' title="bbox 519 1079 1846 1127">
    <p class='ocr_par' dir='ltr' id='par_1_1' title="bbox 519 1079 1846 1127">
     <span class='ocr_line' id='line_1_1' title="bbox 519 1079 1846 1127; baseline 0 -2"><span class='ocrx_word' id='word_1_1' title='bbox 519 1083 576 1125; x_wconf 82' lang='grc'><em>96</em></span> <span class='ocrx_word' id='word_1_2' title='bbox 1185 1079 1534 1127; x_wconf 78' lang='lat' dir='ltr'>TRACTATUS</span> <span class='ocrx_word' id='word_1_3' title='bbox 1567 1080 1846 1127; x_wconf 72' lang='lat' dir='ltr'><em>ememus</em></span> 
     </span>
    </p>
   </div>
   <div class='ocr_carea' id='block_1_2' title="bbox 1429 1543 1603 1651">
    <p class='ocr_par' dir='ltr' id='par_1_2' title="bbox 1429 1543 1603 1651">
     <span class='ocr_line' id='line_1_2' title="bbox 1429 1543 1603 1651; baseline 0 0"><span class='ocrx_word' id='word_1_4' title='bbox 1429 1543 1603 1651; x_wconf 88' lang='lat' dir='ltr'><em>[IX]</em></span> 
     </span>
    </p>
   </div>
   <div class='ocr_carea' id='block_1_3' title="bbox 430 1950 2515 3759">
    <p class='ocr_par' dir='ltr' id='par_1_3' title="bbox 515 1950 2514 2211">
     <span class='ocr_line' id='line_1_3' title="bbox 598 1950 2514 2028; baseline -0.002 -20"><span class='ocrx_word' id='word_1_5' title='bbox 598 1951 857 2008; x_wconf 80' lang='lat' dir='ltr'><em>Locutus</em></span> <span class='ocrx_word' id='word_1_6' title='bbox 897 1964 980 2008; x_wconf 80' lang='lat' dir='ltr'><em>est</em></span> <span class='ocrx_word' id='word_1_7' title='bbox 1025 1951 1310 2008; x_wconf 79' lang='lat' dir='ltr'><em>Dominus</em></span> <span class='ocrx_word' id='word_1_8' title='bbox 1357 1951 1443 2007; x_wconf 83' lang='lat' dir='ltr'><em>ad</em></span> <span class='ocrx_word' id='word_1_9' title='bbox 1483 1951 1725 2026; x_wconf 80' lang='lat' dir='ltr'><strong><em>Moysen</em></strong></span> <span class='ocrx_word' id='word_1_10' title='bbox 1760 1951 1959 2008; x_wconf 76' lang='lat' dir='ltr'><em>dicens</em></span> <span class='ocrx_word' id='word_1_11' title='bbox 2006 1972 2018 2006; x_wconf 90' lang='lat'>:</span> <span class='ocrx_word' id='word_1_12' title='bbox 2067 1950 2336 2028; x_wconf 82' lang='lat' dir='ltr'><strong><em>Loquere</em></strong></span> <span class='ocrx_word' id='word_1_13' title='bbox 2370 1950 2514 2026; x_wconf 79' lang='lat' dir='ltr'><em>siliis</em></span> 
     </span>
     <span class='ocr_line' id='line_1_4' title="bbox 522 2041 2508 2111; baseline 0 -13"><span class='ocrx_word' id='word_1_14' title='bbox 522 2042 715 2099; x_wconf 82' lang='lat' dir='ltr'><em>lsrael</em></span> <span class='ocrx_word' id='word_1_15' title='bbox 745 2056 798 2099; x_wconf 86' lang='lat' dir='ltr'><em>et</em></span> <span class='ocrx_word' id='word_1_16' title='bbox 824 2043 981 2099; x_wconf 81' lang='lat' dir='ltr'><em>dices</em></span> <span class='ocrx_word' id='word_1_17' title='bbox 1008 2043 1092 2098; x_wconf 85' lang='lat' dir='ltr'><em>ad</em></span> <span class='ocrx_word' id='word_1_18' title='bbox 1117 2063 1212 2099; x_wconf 84' lang='lat' dir='ltr'><em>eos</em></span> <span class='ocrx_word' id='word_1_19' title='bbox 1236 2063 1254 2098; x_wconf 89' lang='lat'><em>:</em></span> <span class='ocrx_word' id='word_1_20' title='bbox 1287 2043 1507 2099; x_wconf 77' lang='lat' dir='ltr'><em>Mensis</em></span> <span class='ocrx_word' id='word_1_21' title='bbox 1535 2041 1627 2097; x_wconf 73' lang='lat' dir='ltr'><em>hic</em></span> <span class='ocrx_word' id='word_1_22' title='bbox 1660 2042 1818 2099; x_wconf 69' lang='lat' dir='ltr'><em>vobis</em></span> <span class='ocrx_word' id='word_1_23' title='bbox 1835 2046 1912 2097; x_wconf 82' lang='lat' dir='ltr'><em>sit</em></span> <span class='ocrx_word' id='word_1_24' title='bbox 1946 2045 2173 2097; x_wconf 81' lang='lat' dir='ltr'><em>initium</em></span> <span class='ocrx_word' id='word_1_25' title='bbox 2201 2044 2508 2111; x_wconf 80' lang='lat' dir='ltr'><em>mensium,</em></span> 
     </span>
     <span class='ocr_line' id='line_1_5' title="bbox 515 2132 1413 2211; baseline 0 -22"><span class='ocrx_word' id='word_1_26' title='bbox 515 2138 745 2211; x_wconf 79' lang='lat' dir='ltr'><em>primas</em></span> <span class='ocrx_word' id='word_1_27' title='bbox 783 2135 841 2189; x_wconf 82' lang='lat' dir='ltr'><em>in</em></span> <span class='ocrx_word' id='word_1_28' title='bbox 874 2133 1168 2190; x_wconf 82' lang='lat' dir='ltr'><em>mensibus</em></span> <span class='ocrx_word' id='word_1_29' title='bbox 1195 2137 1348 2190; x_wconf 81' lang='lat' dir='ltr'><em>anni</em></span> <span class='ocrx_word' id='word_1_30' title='bbox 1372 2132 1413 2189; x_wconf 84' lang='lat'><em>¹.</em></span> 
     </span>
    </p>

    <p class='ocr_par' dir='ltr' id='par_1_4' title="bbox 459 2222 2514 2666">
     <span class='ocr_line' id='line_1_6' title="bbox 459 2222 2514 2302; baseline -0.001 -20"><span class='ocrx_word' id='word_1_31' title='bbox 459 2247 482 2282; x_wconf 85' lang='lat'><strong>5</strong></span> <span class='ocrx_word' id='word_1_32' title='bbox 601 2224 811 2281; x_wconf 88' lang='lat' dir='ltr'><em>Omnia</em></span> <span class='ocrx_word' id='word_1_33' title='bbox 841 2245 989 2302; x_wconf 89' lang='lat' dir='ltr'><em>quae</em></span> <span class='ocrx_word' id='word_1_34' title='bbox 1019 2223 1221 2281; x_wconf 89' lang='lat' dir='ltr'><em>divino</em></span> <span class='ocrx_word' id='word_1_35' title='bbox 1255 2223 1507 2280; x_wconf 88' lang='lat' dir='ltr'><em>consilio</em></span> <span class='ocrx_word' id='word_1_36' title='bbox 1540 2235 1602 2279; x_wconf 90' lang='lat' dir='ltr'><em>et</em></span> <span class='ocrx_word' id='word_1_37' title='bbox 1627 2222 1850 2280; x_wconf 89' lang='lat' dir='ltr'><em>iudicio</em></span> <span class='ocrx_word' id='word_1_38' title='bbox 1880 2235 2096 2280; x_wconf 84' lang='lat' dir='ltr'><em>statuta</em></span> <span class='ocrx_word' id='word_1_39' title='bbox 2127 2235 2263 2281; x_wconf 86' lang='lat' dir='ltr'><em>sunt</em></span> <span class='ocrx_word' id='word_1_40' title='bbox 2289 2223 2514 2280; x_wconf 86' lang='lat' dir='ltr'><em>habent</em></span> 
     </span>
     <span class='ocr_line' id='line_1_7' title="bbox 522 2314 2512 2393; baseline -0.001 -21"><span class='ocrx_word' id='word_1_41' title='bbox 522 2337 624 2373; x_wconf 89' lang='lat' dir='ltr'><em>sua</em></span> <span class='ocrx_word' id='word_1_42' title='bbox 668 2314 964 2393; x_wconf 88' lang='lat' dir='ltr'><em>principia</em></span> <span class='ocrx_word' id='word_1_43' title='bbox 1004 2315 1221 2392; x_wconf 90' lang='lat' dir='ltr'><em>quibus</em></span> <span class='ocrx_word' id='word_1_44' title='bbox 1263 2327 1389 2372; x_wconf 89' lang='lat' dir='ltr'><em>orta</em></span> <span class='ocrx_word' id='word_1_45' title='bbox 1429 2326 1484 2371; x_wconf 88' lang='lat' dir='ltr'><em>et</em></span> <span class='ocrx_word' id='word_1_46' title='bbox 1521 2314 1793 2372; x_wconf 86' lang='lat' dir='ltr'><em>inchoata</em></span> <span class='ocrx_word' id='word_1_47' title='bbox 1841 2326 1997 2384; x_wconf 85' lang='lat' dir='ltr'><em>sunt,</em></span> <span class='ocrx_word' id='word_1_48' title='bbox 2042 2316 2265 2372; x_wconf 87' lang='lat' dir='ltr'><em>habent</em></span> <span class='ocrx_word' id='word_1_49' title='bbox 2308 2335 2512 2371; x_wconf 82' lang='lat' dir='ltr'><em>causas</em></span> 
     </span>
     <span class='ocr_line' id='line_1_8' title="bbox 519 2406 2514 2487; baseline 0 -25"><span class='ocrx_word' id='word_1_50' title='bbox 519 2418 765 2484; x_wconf 89' lang='lat' dir='ltr'><em>propter</em></span> <span class='ocrx_word' id='word_1_51' title='bbox 801 2406 957 2484; x_wconf 90' lang='lat' dir='ltr'><em>quod</em></span> <span class='ocrx_word' id='word_1_52' title='bbox 998 2406 1323 2487; x_wconf 82' lang='lat' dir='ltr'><em>significari</em></span> <span class='ocrx_word' id='word_1_53' title='bbox 1359 2428 1455 2462; x_wconf 88' lang='lat' dir='ltr'><em>eas</em></span> <span class='ocrx_word' id='word_1_54' title='bbox 1488 2428 1731 2462; x_wconf 88' lang='lat' dir='ltr'><em>necesse</em></span> <span class='ocrx_word' id='word_1_55' title='bbox 1760 2406 1890 2476; x_wconf 86' lang='lat' dir='ltr'><em>fuit,</em></span> <span class='ocrx_word' id='word_1_56' title='bbox 1929 2427 2036 2462; x_wconf 87' lang='lat' dir='ltr'><em>nec</em></span> <span class='ocrx_word' id='word_1_57' title='bbox 2073 2417 2348 2484; x_wconf 80' lang='lat' dir='ltr'><em>expertes</em></span> <span class='ocrx_word' id='word_1_58' title='bbox 2378 2418 2514 2462; x_wconf 89' lang='lat' dir='ltr'><em>sunt</em></span> 
     </span>
     <span class='ocr_line' id='line_1_9' title="bbox 522 2496 2513 2575; baseline 0 -22"><span class='ocrx_word' id='word_1_59' title='bbox 522 2497 793 2572; x_wconf 74' lang='lat' dir='ltr'><em>rationiS,</em></span> <span class='ocrx_word' id='word_1_60' title='bbox 824 2496 927 2553; x_wconf 91' lang='lat' dir='ltr'><em>sed</em></span> <span class='ocrx_word' id='word_1_61' title='bbox 953 2509 1147 2554; x_wconf 89' lang='lat' dir='ltr'><em>certos</em></span> <span class='ocrx_word' id='word_1_62' title='bbox 1175 2497 1397 2553; x_wconf 84' lang='lat' dir='ltr'><em>habent</em></span> <span class='ocrx_word' id='word_1_63' title='bbox 1425 2497 1667 2554; x_wconf 82' lang='lat' dir='ltr'>ordines</span> <span class='ocrx_word' id='word_1_64' title='bbox 1698 2509 2058 2575; x_wconf 86' lang='lat' dir='ltr'><em>temporum,</em></span> <span class='ocrx_word' id='word_1_65' title='bbox 2088 2518 2160 2553; x_wconf 88' lang='lat' dir='ltr'><em>ne</em></span> <span class='ocrx_word' id='word_1_66' title='bbox 2189 2496 2513 2553; x_wconf 89' lang='lat' dir='ltr'><em>indiscreta</em></span> 
     </span>
     <span class='ocr_line' id='line_1_10' title="bbox 519 2587 2514 2666; baseline 0.001 -23"><span class='ocrx_word' id='word_1_67' title='bbox 519 2588 915 2665; x_wconf 87' lang='lat' dir='ltr'><em>permixtione</em></span> <span class='ocrx_word' id='word_1_68' title='bbox 949 2589 1287 2645; x_wconf 78' lang='lat' dir='ltr'><strong>turbentur.</strong></span> <span class='ocrx_word' id='word_1_69' title='bbox 1326 2589 1586 2645; x_wconf 81' lang='lat' dir='ltr'>Paschae</span> <span class='ocrx_word' id='word_1_70' title='bbox 1624 2588 1820 2666; x_wconf 86' lang='lat' dir='ltr'><em>itaque</em></span> <span class='ocrx_word' id='word_1_71' title='bbox 1850 2600 2308 2656; x_wconf 87' lang='lat' dir='ltr'><em>sacramentum,</em></span> <span class='ocrx_word' id='word_1_72' title='bbox 2337 2587 2514 2645; x_wconf 89' lang='lat' dir='ltr'><em>dilec-</em></span> 
     </span>
    </p>

    <p class='ocr_par' dir='ltr' id='par_1_5' title="bbox 436 2677 2514 3124">
     <span class='ocr_line' id='line_1_11' title="bbox 436 2677 2512 2757; baseline 0.001 -26"><span class='ocrx_word' id='word_1_73' title='bbox 436 2697 481 2732; x_wconf 81' lang='grc' dir='ltr'><em>ιο</em></span> <span class='ocrx_word' id='word_1_74' title='bbox 519 2678 733 2736; x_wconf 82' lang='lat' dir='ltr'><em>tissimi</em></span> <span class='ocrx_word' id='word_1_75' title='bbox 784 2679 1015 2750; x_wconf 83' lang='lat' dir='ltr'><em>sratreS,</em></span> <span class='ocrx_word' id='word_1_76' title='bbox 1071 2678 1231 2756; x_wconf 91' lang='lat' dir='ltr'><em>quod</em></span> <span class='ocrx_word' id='word_1_77' title='bbox 1273 2679 1527 2734; x_wconf 90' lang='lat' dir='ltr'><em>nuncin</em></span> <span class='ocrx_word' id='word_1_78' title='bbox 1577 2677 1861 2735; x_wconf 89' lang='lat' dir='ltr'><em>dominici</em></span> <span class='ocrx_word' id='word_1_79' title='bbox 1915 2678 2186 2757; x_wconf 86' lang='lat' dir='ltr'><em>corporis</em></span> <span class='ocrx_word' id='word_1_80' title='bbox 2233 2677 2512 2756; x_wconf 84' lang='lat' dir='ltr'><em>passione</em></span> 
     </span>
     <span class='ocr_line' id='line_1_12' title="bbox 518 2769 2514 2848; baseline -0.001 -21"><span class='ocrx_word' id='word_1_81' title='bbox 518 2770 884 2838; x_wconf 84' lang='lat' dir='ltr'><em>celebratur,</em></span> <span class='ocrx_word' id='word_1_82' title='bbox 940 2791 1057 2826; x_wconf 91' lang='lat' dir='ltr'><em>non</em></span> <span class='ocrx_word' id='word_1_83' title='bbox 1128 2769 1453 2847; x_wconf 80' lang='lat' dir='ltr'>derepente</span> <span class='ocrx_word' id='word_1_84' title='bbox 1517 2792 1624 2827; x_wconf 91' lang='lat' dir='ltr'><em>nec</em></span> <span class='ocrx_word' id='word_1_85' title='bbox 1691 2770 2080 2848; x_wconf 88' lang='lat' dir='ltr'><em>improvisum</em></span> <span class='ocrx_word' id='word_1_86' title='bbox 2140 2769 2269 2829; x_wconf 80' lang='lat' dir='ltr'><em>fuit.</em></span> <span class='ocrx_word' id='word_1_87' title='bbox 2318 2770 2514 2841; x_wconf 88' lang='lat' dir='ltr'><em>Quod-</em></span> 
     </span>
     <span class='ocr_line' id='line_1_13' title="bbox 519 2860 2514 2940; baseline 0 -23"><span class='ocrx_word' id='word_1_88' title='bbox 519 2883 770 2938; x_wconf 86' lang='lat' dir='ltr'>cumque</span> <span class='ocrx_word' id='word_1_89' title='bbox 814 2860 973 2917; x_wconf 87' lang='lat' dir='ltr'><em>enim</em></span> <span class='ocrx_word' id='word_1_90' title='bbox 1019 2882 1233 2917; x_wconf 90' lang='lat' dir='ltr'><em>novum</em></span> <span class='ocrx_word' id='word_1_91' title='bbox 1279 2873 1453 2938; x_wconf 89' lang='lat' dir='ltr'><em>atque</em></span> <span class='ocrx_word' id='word_1_92' title='bbox 1498 2860 1870 2939; x_wconf 84' lang='lat' dir='ltr'><em>praeclarum</em></span> <span class='ocrx_word' id='word_1_93' title='bbox 1918 2872 2093 2938; x_wconf 87' lang='lat' dir='ltr'><em>atque</em></span> <span class='ocrx_word' id='word_1_94' title='bbox 2136 2860 2514 2940; x_wconf 88' lang='lat' dir='ltr'><em>magnificum</em></span> 
     </span>
     <span class='ocr_line' id='line_1_14' title="bbox 521 2950 2514 3032; baseline -0.001 -23"><span class='ocrx_word' id='word_1_95' title='bbox 521 2964 631 3021; x_wconf 87' lang='lat' dir='ltr'><em>est,</em></span> <span class='ocrx_word' id='word_1_96' title='bbox 683 2952 796 3008; x_wconf 90' lang='lat' dir='ltr'><em>hoc</em></span> <span class='ocrx_word' id='word_1_97' title='bbox 852 2965 985 3009; x_wconf 90' lang='lat' dir='ltr'><em>ante</em></span> <span class='ocrx_word' id='word_1_98' title='bbox 1036 2964 1273 3029; x_wconf 90' lang='lat' dir='ltr'><em>tempus</em></span> <span class='ocrx_word' id='word_1_99' title='bbox 1325 2973 1433 3030; x_wconf 88' lang='lat' dir='ltr'><em>per</em></span> <span class='ocrx_word' id='word_1_100' title='bbox 1486 2951 1679 3032; x_wconf 84' lang='lat' dir='ltr'><em>legem</em></span> <span class='ocrx_word' id='word_1_101' title='bbox 1711 2952 1970 3029; x_wconf 82' lang='lat' dir='ltr'><em>priscam</em></span> <span class='ocrx_word' id='word_1_102' title='bbox 2022 2952 2083 3008; x_wconf 91' lang='lat' dir='ltr'><em>in</em></span> <span class='ocrx_word' id='word_1_103' title='bbox 2121 2950 2514 3008; x_wconf 83' lang='lat' dir='ltr'><em>similitudine</em></span> 
     </span>
     <span class='ocr_line' id='line_1_15' title="bbox 522 3042 2514 3124; baseline -0.001 -25"><span class='ocrx_word' id='word_1_104' title='bbox 522 3043 992 3111; x_wconf 79' lang='lat' dir='ltr'><em>monstrabatur,</em></span> <span class='ocrx_word' id='word_1_105' title='bbox 1058 3055 1124 3100; x_wconf 89' lang='lat' dir='ltr'><em>ut</em></span> <span class='ocrx_word' id='word_1_106' title='bbox 1179 3043 1315 3100; x_wconf 89' lang='lat' dir='ltr'><em>facti</em></span> <span class='ocrx_word' id='word_1_107' title='bbox 1377 3042 1523 3100; x_wconf 83' lang='lat' dir='ltr'><em>fides</em></span> <span class='ocrx_word' id='word_1_108' title='bbox 1589 3043 1660 3100; x_wconf 93' lang='lat' dir='ltr'><em>de</em></span> <span class='ocrx_word' id='word_1_109' title='bbox 1716 3044 2034 3121; x_wconf 87' lang='lat' dir='ltr'><em>praeterita</em></span> <span class='ocrx_word' id='word_1_110' title='bbox 2078 3043 2514 3124; x_wconf 83' lang='lat' dir='ltr'><em>significatione</em></span> 
     </span>
    </p>

    <p class='ocr_par' dir='ltr' id='par_1_6' title="bbox 434 3132 2515 3574">
     <span class='ocr_line' id='line_1_16' title="bbox 434 3132 2515 3211; baseline -0 -22"><span class='ocrx_word' id='word_1_111' title='bbox 434 3155 480 3189; x_wconf 88' lang='lat'><em>15</em></span> <span class='ocrx_word' id='word_1_112' title='bbox 518 3133 1052 3190; x_wconf 84' lang='lat' dir='ltr'><em>commendabilior</em></span> <span class='ocrx_word' id='word_1_113' title='bbox 1089 3133 1430 3189; x_wconf 87' lang='lat' dir='ltr'><em>haberetur.</em></span> <span class='ocrx_word' id='word_1_114' title='bbox 1481 3134 1651 3191; x_wconf 90' lang='lat' dir='ltr'><em>Unde</em></span> <span class='ocrx_word' id='word_1_115' title='bbox 1693 3134 1740 3189; x_wconf 90' lang='lat' dir='ltr'><em>si</em></span> <span class='ocrx_word' id='word_1_116' title='bbox 1781 3133 2018 3190; x_wconf 90' lang='lat' dir='ltr'><em>Domini</em></span> <span class='ocrx_word' id='word_1_117' title='bbox 2056 3134 2246 3189; x_wconf 87' lang='lat' dir='ltr'><em>nostri</em></span> <span class='ocrx_word' id='word_1_118' title='bbox 2282 3132 2515 3211; x_wconf 87' lang='lat' dir='ltr'><em>passio-</em></span> 
     </span>
     <span class='ocr_line' id='line_1_17' title="bbox 519 3222 2515 3304; baseline -0.001 -24"><span class='ocrx_word' id='word_1_119' title='bbox 519 3245 653 3280; x_wconf 91' lang='lat' dir='ltr'><em>nem</em></span> <span class='ocrx_word' id='word_1_120' title='bbox 701 3246 807 3301; x_wconf 84' lang='lat' dir='ltr'><em>per</em></span> <span class='ocrx_word' id='word_1_121' title='bbox 850 3225 1166 3304; x_wconf 81' lang='lat' dir='ltr'><em>imaginem</em></span> <span class='ocrx_word' id='word_1_122' title='bbox 1211 3235 1372 3280; x_wconf 90' lang='lat' dir='ltr'><em>retro</em></span> <span class='ocrx_word' id='word_1_123' title='bbox 1425 3223 1565 3280; x_wconf 89' lang='lat' dir='ltr'><em>olim</em></span> <span class='ocrx_word' id='word_1_124' title='bbox 1615 3223 2056 3281; x_wconf 87' lang='lat' dir='ltr'><em>demonstratae</em></span> <span class='ocrx_word' id='word_1_125' title='bbox 2101 3222 2515 3280; x_wconf 89' lang='lat' dir='ltr'><em>similitudinis</em></span> 
     </span>
     <span class='ocr_line' id='line_1_18' title="bbox 515 3314 2514 3396; baseline -0.001 -24"><span class='ocrx_word' id='word_1_126' title='bbox 515 3314 711 3372; x_wconf 88' lang='lat' dir='ltr'><em>velitis</em></span> <span class='ocrx_word' id='word_1_127' title='bbox 740 3314 1072 3389; x_wconf 85' lang='lat' dir='ltr'><em>attendere,</em></span> <span class='ocrx_word' id='word_1_128' title='bbox 1111 3326 1252 3372; x_wconf 88' lang='lat' dir='ltr'><em>tunc</em></span> <span class='ocrx_word' id='word_1_129' title='bbox 1289 3314 1605 3372; x_wconf 87' lang='lat' dir='ltr'><em>invenietis</em></span> <span class='ocrx_word' id='word_1_130' title='bbox 1635 3337 1852 3396; x_wconf 85' lang='lat' dir='ltr'><em>agnum</em></span> <span class='ocrx_word' id='word_1_131' title='bbox 1890 3315 2070 3385; x_wconf 90' lang='lat' dir='ltr'><em>hunc,</em></span> <span class='ocrx_word' id='word_1_132' title='bbox 2104 3316 2205 3393; x_wconf 90' lang='lat' dir='ltr'><em>qui</em></span> <span class='ocrx_word' id='word_1_133' title='bbox 2241 3314 2514 3371; x_wconf 86' lang='lat' dir='ltr'><em>immola-</em></span> 
     </span>
     <span class='ocr_line' id='line_1_19' title="bbox 516 3404 2514 3487; baseline 0.001 -26"><span class='ocrx_word' id='word_1_134' title='bbox 516 3406 691 3463; x_wconf 86' lang='lat' dir='ltr'><em>batur</em></span> <span class='ocrx_word' id='word_1_135' title='bbox 717 3406 777 3461; x_wconf 91' lang='lat' dir='ltr'><em>in</em></span> <span class='ocrx_word' id='word_1_136' title='bbox 807 3406 1050 3483; x_wconf 85' lang='lat' dir='ltr'><em>pascha,</em></span> <span class='ocrx_word' id='word_1_137' title='bbox 1076 3406 1268 3483; x_wconf 90' lang='lat' dir='ltr'><em>Xpisti</em></span> <span class='ocrx_word' id='word_1_138' title='bbox 1301 3405 1483 3462; x_wconf 88' lang='lat' dir='ltr'><em>fuisse</em></span> <span class='ocrx_word' id='word_1_139' title='bbox 1518 3405 1789 3485; x_wconf 83' lang='lat' dir='ltr'><em>figuram,</em></span> <span class='ocrx_word' id='word_1_140' title='bbox 1820 3406 1921 3483; x_wconf 88' lang='lat' dir='ltr'><em>qui</em></span> <span class='ocrx_word' id='word_1_141' title='bbox 1948 3404 2244 3483; x_wconf 85' lang='lat' dir='ltr'><em>percussit</em></span> <span class='ocrx_word' id='word_1_142' title='bbox 2271 3409 2514 3487; x_wconf 85' lang='lat' dir='ltr'><em>Aegyp-</em></span> 
     </span>
     <span class='ocr_line' id='line_1_20' title="bbox 518 3496 2514 3574; baseline 0 -22"><span class='ocrx_word' id='word_1_143' title='bbox 518 3508 647 3553; x_wconf 89' lang='lat' dir='ltr'><em>tum</em></span> <span class='ocrx_word' id='word_1_144' title='bbox 675 3509 732 3554; x_wconf 89' lang='lat' dir='ltr'><em>et</em></span> <span class='ocrx_word' id='word_1_145' title='bbox 764 3497 1044 3555; x_wconf 86' lang='lat' dir='ltr'><em>liberavit</em></span> <span class='ocrx_word' id='word_1_146' title='bbox 1070 3496 1274 3554; x_wconf 87' lang='lat' dir='ltr'><em>Israel.</em></span> <span class='ocrx_word' id='word_1_147' title='bbox 1318 3498 1589 3574; x_wconf 90' lang='lat' dir='ltr'><em>Denique</em></span> <span class='ocrx_word' id='word_1_148' title='bbox 1620 3508 1677 3554; x_wconf 85' lang='lat' dir='ltr'><em>et</em></span> <span class='ocrx_word' id='word_1_149' title='bbox 1706 3496 2035 3554; x_wconf 85' lang='lat' dir='ltr'><em>Hieremias</em></span> <span class='ocrx_word' id='word_1_150' title='bbox 2067 3496 2514 3574; x_wconf 84' lang='lat' dir='ltr'><em>receptissimus</em></span> 
     </span>
    </p>

    <p class='ocr_par' dir='ltr' id='par_1_7' title="bbox 430 3586 2515 3759">
     <span class='ocr_line' id='line_1_21' title="bbox 430 3586 2514 3670; baseline -0 -26"><span class='ocrx_word' id='word_1_151' title='bbox 430 3610 480 3645; x_wconf 80' lang='lat'><em>20</em></span> <span class='ocrx_word' id='word_1_152' title='bbox 516 3589 948 3666; x_wconf 85' lang='lat' dir='ltr'><em>prophetarum</em></span> <span class='ocrx_word' id='word_1_153' title='bbox 999 3609 1216 3670; x_wconf 85' lang='lat' dir='ltr'><em>agnum</em></span> <span class='ocrx_word' id='word_1_154' title='bbox 1267 3588 1428 3644; x_wconf 88' lang='lat' dir='ltr'><em>hunc</em></span> <span class='ocrx_word' id='word_1_155' title='bbox 1469 3590 1660 3644; x_wconf 90' lang='lat' dir='ltr'><em>Deum</em></span> <span class='ocrx_word' id='word_1_156' title='bbox 1706 3599 1765 3644; x_wconf 90' lang='lat' dir='ltr'><em>et</em></span> <span class='ocrx_word' id='word_1_157' title='bbox 1815 3586 2180 3645; x_wconf 87' lang='lat' dir='ltr'><em>Salvatorem</em></span> <span class='ocrx_word' id='word_1_158' title='bbox 2242 3599 2514 3644; x_wconf 88' lang='lat' dir='ltr'><em>nostrum</em></span> 
     </span>
     <span class='ocr_line' id='line_1_22' title="bbox 519 3678 2515 3759; baseline -0.001 -24"><span class='ocrx_word' id='word_1_159' title='bbox 519 3678 800 3756; x_wconf 89' lang='lat' dir='ltr'><em>appellat,</em></span> <span class='ocrx_word' id='word_1_160' title='bbox 855 3700 986 3736; x_wconf 88' lang='lat' dir='ltr'><em>cum</em></span> <span class='ocrx_word' id='word_1_161' title='bbox 1036 3678 1181 3735; x_wconf 91' lang='lat' dir='ltr'><em>dicit</em></span> <span class='ocrx_word' id='word_1_162' title='bbox 1226 3701 1237 3734; x_wconf 72' lang='grc' dir='ltr'>ε</span> <span class='ocrx_word' id='word_1_163' title='bbox 1291 3680 1419 3757; x_wconf 83' lang='lat' dir='ltr'><em>Ego</em></span> <span class='ocrx_word' id='word_1_164' title='bbox 1472 3685 1648 3759; x_wconf 81' lang='lat' dir='ltr'><em>quasi</em></span> <span class='ocrx_word' id='word_1_165' title='bbox 1695 3700 1889 3757; x_wconf 81' lang='lat' dir='ltr'><em>agnus</em></span> <span class='ocrx_word' id='word_1_166' title='bbox 1936 3679 2354 3736; x_wconf 81' lang='lat' dir='ltr'><em>immaculatus</em></span> <span class='ocrx_word' id='word_1_167' title='bbox 2389 3682 2515 3735; x_wconf 83' lang='lat' dir='ltr'><em>sine</em></span> 
     </span>
    </p>
   </div>
   <div class='ocr_carea' id='block_1_4' title="bbox 516 3841 2518 4134">
    <p class='ocr_par' dir='ltr' id='par_1_8' title="bbox 516 3841 2518 4134">
     <span class='ocr_line' id='line_1_23' title="bbox 574 3841 918 3891; baseline 0 -9"><span class='ocrx_word' id='word_1_168' title='bbox 574 3841 613 3882; x_wconf 85' lang='lat'><em>1.</em></span> <span class='ocrx_word' id='word_1_169' title='bbox 647 3841 730 3883; x_wconf 86' lang='lat' dir='ltr'><em>Ex.</em></span> <span class='ocrx_word' id='word_1_170' title='bbox 760 3841 856 3891; x_wconf 90' lang='lat' dir='ltr'>XII,</span> <span class='ocrx_word' id='word_1_171' title='bbox 879 3843 918 3882; x_wconf 84' lang='lat'><em>2.</em></span> 
     </span>
     <span class='ocr_line' id='line_1_24' title="bbox 572 4008 2513 4073; baseline 0 -15"><span class='ocrx_word' id='word_1_172' title='bbox 572 4018 596 4058; x_wconf 89' lang='lat'>2</span> <span class='ocrx_word' id='word_1_173' title='bbox 630 4017 852 4073; x_wconf 82' lang='lat' dir='ltr'><em>Locutus]</em></span> <span class='ocrx_word' id='word_1_174' title='bbox 891 4022 1056 4058; x_wconf 83' lang='lat' dir='ltr'><em>ocutus</em></span> <span class='ocrx_word' id='word_1_175' title='bbox 1088 4019 1139 4065; x_wconf 87' lang='lat' dir='ltr'><em>B,</em></span> <span class='ocrx_word' id='word_1_176' title='bbox 1178 4015 1352 4058; x_wconf 80' lang='lat' dir='ltr'><em>initiali</em></span> <span class='ocrx_word' id='word_1_177' title='bbox 1374 4015 1525 4058; x_wconf 69' lang='lat' dir='ltr'><em>littera</em></span> <span class='ocrx_word' id='word_1_178' title='bbox 1551 4017 1876 4072; x_wconf 79' lang='lat' dir='ltr'><em>praetermissa</em></span> <span class='ocrx_word' id='word_1_179' title='bbox 1906 4019 1954 4056; x_wconf 78' lang='lat' dir='ltr'><em>at</em></span> <span class='ocrx_word' id='word_1_180' title='bbox 1985 4030 2083 4070; x_wconf 77' lang='lat' dir='ltr'><em>sup.</em></span> <span class='ocrx_word' id='word_1_181' title='bbox 2115 4040 2170 4048; x_wconf 92' lang='lat'><em>—-</em></span> <span class='ocrx_word' id='word_1_182' title='bbox 2199 4017 2225 4057; x_wconf 88' lang='grc'>6</span> <span class='ocrx_word' id='word_1_183' title='bbox 2261 4008 2513 4073; x_wconf 82' lang='lat' dir='ltr'><em>principia]</em></span> 
     </span>
     <span class='ocr_line' id='line_1_25' title="bbox 516 4071 2518 4134; baseline 0 -20"><span class='ocrx_word' id='word_1_184' title='bbox 516 4073 623 4114; x_wconf 79' lang='lat' dir='ltr'><em>BF2</em></span> <span class='ocrx_word' id='word_1_185' title='bbox 651 4073 840 4127; x_wconf 86' lang='lat' dir='ltr'><em>prinpia</em></span> <span class='ocrx_word' id='word_1_186' title='bbox 862 4073 900 4112; x_wconf 87' lang='lat' dir='ltr'><em>F</em></span> <span class='ocrx_word' id='word_1_187' title='bbox 918 4096 972 4103; x_wconf 93' lang='lat'>—</span> <span class='ocrx_word' id='word_1_188' title='bbox 995 4074 1018 4113; x_wconf 93' lang='lat'><strong>7</strong></span> <span class='ocrx_word' id='word_1_189' title='bbox 1043 4086 1177 4113; x_wconf 87' lang='lat' dir='ltr'><em>neces</em></span> <span class='ocrx_word' id='word_1_190' title='bbox 1201 4088 1441 4110; x_wconf 75' lang='lat'><strong>******</strong></span> <span class='ocrx_word' id='word_1_191' title='bbox 1466 4087 1575 4113; x_wconf 81' lang='lat' dir='ltr'><em>ones</em></span> <span class='ocrx_word' id='word_1_192' title='bbox 1598 4074 1636 4113; x_wconf 93' lang='lat' dir='ltr'><em>F</em></span> <span class='ocrx_word' id='word_1_193' title='bbox 1655 4096 1706 4103; x_wconf 92' lang='lat'>—</span> <span class='ocrx_word' id='word_1_194' title='bbox 1731 4071 1964 4128; x_wconf 84' lang='lat' dir='ltr'><em>expertes]</em></span> <span class='ocrx_word' id='word_1_195' title='bbox 1987 4072 2162 4127; x_wconf 79' lang='lat' dir='ltr'><em>scripsi,</em></span> <span class='ocrx_word' id='word_1_196' title='bbox 2194 4078 2381 4134; x_wconf 51' lang='lat' dir='ltr'><em>expe—rte</em></span> <span class='ocrx_word' id='word_1_197' title='bbox 2404 4074 2442 4113; x_wconf 89' lang='lat' dir='ltr'><em>B</em></span> <span class='ocrx_word' id='word_1_198' title='bbox 2462 4097 2518 4104; x_wconf 92' lang='lat'><em>--</em></span> 
     </span>
    </p>
   </div>
   <div class='ocr_carea' id='block_1_5' title="bbox 514 4134 2519 4579">
    <p class='ocr_par' dir='ltr' id='par_1_9' title="bbox 514 4134 2519 4579">
     <span class='ocr_line' id='line_1_26' title="bbox 516 4134 2518 4191; baseline 0.001 -15"><span class='ocrx_word' id='word_1_199' title='bbox 516 4136 541 4176; x_wconf 90' lang='lat'>8</span> <span class='ocrx_word' id='word_1_200' title='bbox 572 4135 706 4177; x_wconf 87' lang='lat' dir='ltr'><em>ordin</em></span> <span class='ocrx_word' id='word_1_201' title='bbox 743 4152 765 4173; x_wconf 79' lang='lat'><strong>*</strong></span> <span class='ocrx_word' id='word_1_202' title='bbox 787 4151 810 4172; x_wconf 78' lang='lat'><strong>*</strong></span> <span class='ocrx_word' id='word_1_203' title='bbox 830 4152 853 4173; x_wconf 60' lang='grc' dir='ltr'><em>,ι</em></span> <span class='ocrx_word' id='word_1_204' title='bbox 875 4152 897 4172; x_wconf 76' lang='lat'><strong>*</strong></span> <span class='ocrx_word' id='word_1_205' title='bbox 915 4140 963 4176; x_wconf 89' lang='lat' dir='ltr'><em>ta</em></span> <span class='ocrx_word' id='word_1_206' title='bbox 985 4136 1023 4176; x_wconf 98' lang='lat' dir='ltr'><em>F</em></span> <span class='ocrx_word' id='word_1_207' title='bbox 1043 4158 1092 4166; x_wconf 93' lang='lat'><em>—-</em></span> <span class='ocrx_word' id='word_1_208' title='bbox 1128 4137 1154 4175; x_wconf 83' lang='lat'>9</span> <span class='ocrx_word' id='word_1_209' title='bbox 1184 4135 1447 4191; x_wconf 77' lang='lat' dir='ltr'><em>turbentur]</em></span> <span class='ocrx_word' id='word_1_210' title='bbox 1486 4138 1524 4176; x_wconf 88' lang='lat' dir='ltr'><em>B</em></span> <span class='ocrx_word' id='word_1_211' title='bbox 1540 4136 1595 4177; x_wconf 79' lang='lat' dir='ltr'><em>F2</em></span> <span class='ocrx_word' id='word_1_212' title='bbox 1627 4134 1816 4177; x_wconf 88' lang='lat' dir='ltr'><em>turbent</em></span> <span class='ocrx_word' id='word_1_213' title='bbox 1844 4137 1883 4175; x_wconf 88' lang='lat' dir='ltr'><em>F</em></span> <span class='ocrx_word' id='word_1_214' title='bbox 1908 4159 1963 4165; x_wconf 93' lang='lat'><em>-</em></span> <span class='ocrx_word' id='word_1_215' title='bbox 1994 4135 2108 4177; x_wconf 83' lang='lat' dir='ltr'><em>Pasc</em></span> <span class='ocrx_word' id='word_1_216' title='bbox 2132 4152 2155 4173; x_wconf 78' lang='lat'>*</span> <span class='ocrx_word' id='word_1_217' title='bbox 2176 4152 2198 4173; x_wconf 55' lang='grc' dir='ltr'><em>,ι</em></span> <span class='ocrx_word' id='word_1_218' title='bbox 2216 4152 2238 4173; x_wconf 81' lang='lat'>*</span> <span class='ocrx_word' id='word_1_219' title='bbox 2270 4136 2383 4177; x_wconf 91' lang='lat' dir='ltr'><em>dlmi</em></span> <span class='ocrx_word' id='word_1_220' title='bbox 2408 4138 2446 4177; x_wconf 88' lang='lat' dir='ltr'><em>F</em></span> <span class='ocrx_word' id='word_1_221' title='bbox 2463 4159 2518 4167; x_wconf 90' lang='lat'>—</span> 
     </span>
     <span class='ocr_line' id='line_1_27' title="bbox 516 4190 2517 4248; baseline 0 -16"><span class='ocrx_word' id='word_1_222' title='bbox 516 4192 568 4232; x_wconf 89' lang='lat'><em>10</em></span> <span class='ocrx_word' id='word_1_223' title='bbox 590 4190 810 4232; x_wconf 88' lang='lat' dir='ltr'><em>dominici</em></span> <span class='ocrx_word' id='word_1_224' title='bbox 830 4206 868 4231; x_wconf 87' lang='lat' dir='ltr'><em>c.</em></span> <span class='ocrx_word' id='word_1_225' title='bbox 891 4190 1129 4247; x_wconf 83' lang='lat' dir='ltr'><em>passione]</em></span> <span class='ocrx_word' id='word_1_226' title='bbox 1155 4191 1358 4231; x_wconf 76' lang='lat' dir='ltr'><em>dominic</em></span> <span class='ocrx_word' id='word_1_227' title='bbox 1377 4208 1399 4229; x_wconf 60' lang='grc' dir='ltr'><em>,κ</em></span> <span class='ocrx_word' id='word_1_228' title='bbox 1417 4208 1439 4228; x_wconf 75' lang='lat'>*</span> <span class='ocrx_word' id='word_1_229' title='bbox 1456 4208 1478 4228; x_wconf 74' lang='lat'>*</span> <span class='ocrx_word' id='word_1_230' title='bbox 1502 4192 1608 4230; x_wconf 86' lang='lat' dir='ltr'><em>F—</em></span> <span class='ocrx_word' id='word_1_231' title='bbox 1628 4192 1675 4232; x_wconf 89' lang='lat'><em>11</em></span> <span class='ocrx_word' id='word_1_232' title='bbox 1701 4192 1838 4245; x_wconf 78' lang='lat' dir='ltr'><em>inpro</em></span> <span class='ocrx_word' id='word_1_233' title='bbox 1859 4208 1882 4228; x_wconf 55' lang='grc' dir='ltr'><em>ιι(</em></span> <span class='ocrx_word' id='word_1_234' title='bbox 1903 4208 1924 4227; x_wconf 77' lang='lat'><strong>*</strong></span> <span class='ocrx_word' id='word_1_235' title='bbox 1946 4207 1969 4227; x_wconf 46' lang='grc' dir='ltr'>ψ</span> <span class='ocrx_word' id='word_1_236' title='bbox 1988 4204 2077 4244; x_wconf 89' lang='lat' dir='ltr'><em>que</em></span> <span class='ocrx_word' id='word_1_237' title='bbox 2097 4192 2266 4233; x_wconf 81' lang='lat' dir='ltr'><em>F—12</em></span> <span class='ocrx_word' id='word_1_238' title='bbox 2288 4192 2444 4248; x_wconf 86' lang='lat' dir='ltr'><em>atque]</em></span> <span class='ocrx_word' id='word_1_239' title='bbox 2473 4195 2517 4232; x_wconf 85' lang='lat'><em>1⁰</em></span> 
     </span>
     <span class='ocr_line' id='line_1_28' title="bbox 516 4245 2516 4303; baseline 0.001 -16"><span class='ocrx_word' id='word_1_240' title='bbox 516 4260 634 4301; x_wconf 86' lang='lat' dir='ltr'><em>aque</em></span> <span class='ocrx_word' id='word_1_241' title='bbox 652 4248 690 4287; x_wconf 88' lang='lat' dir='ltr'><em>F</em></span> <span class='ocrx_word' id='word_1_242' title='bbox 709 4247 782 4287; x_wconf 81' lang='lat' dir='ltr'><em>vel</em></span> <span class='ocrx_word' id='word_1_243' title='bbox 804 4247 859 4287; x_wconf 57' lang='grc' dir='ltr'><em>Ι)2</em></span> <span class='ocrx_word' id='word_1_244' title='bbox 882 4272 937 4277; x_wconf 86' lang='grc'>-</span> <span class='ocrx_word' id='word_1_245' title='bbox 964 4261 1122 4301; x_wconf 83' lang='lat' dir='ltr'><em>magn.</em></span> <span class='ocrx_word' id='word_1_246' title='bbox 1144 4252 1213 4286; x_wconf 88' lang='lat' dir='ltr'><em>est</em></span> <span class='ocrx_word' id='word_1_247' title='bbox 1236 4245 1340 4302; x_wconf 90' lang='lat' dir='ltr'><em>hoc]</em></span> <span class='ocrx_word' id='word_1_248' title='bbox 1369 4263 1391 4284; x_wconf 78' lang='lat'>*</span> <span class='ocrx_word' id='word_1_249' title='bbox 1412 4263 1436 4284; x_wconf 51' lang='grc' dir='ltr'><em>ιε</em></span> <span class='ocrx_word' id='word_1_250' title='bbox 1456 4263 1479 4284; x_wconf 76' lang='lat'>*</span> <span class='ocrx_word' id='word_1_251' title='bbox 1509 4248 1547 4287; x_wconf 92' lang='lat' dir='ltr'><em>F</em></span> <span class='ocrx_word' id='word_1_252' title='bbox 1565 4271 1619 4278; x_wconf 88' lang='lat'>-</span> <span class='ocrx_word' id='word_1_253' title='bbox 1643 4248 1693 4287; x_wconf 86' lang='grc'><em>13</em></span> <span class='ocrx_word' id='word_1_254' title='bbox 1716 4246 1762 4287; x_wconf 88' lang='lat' dir='ltr'><em>in</em></span> <span class='ocrx_word' id='word_1_255' title='bbox 1784 4264 1805 4283; x_wconf 79' lang='lat'><strong>*</strong></span> <span class='ocrx_word' id='word_1_256' title='bbox 1827 4264 1849 4283; x_wconf 56' lang='grc' dir='ltr'><em>,ι</em></span> <span class='ocrx_word' id='word_1_257' title='bbox 1873 4245 2091 4287; x_wconf 87' lang='lat' dir='ltr'><em>trahatur</em></span> <span class='ocrx_word' id='word_1_258' title='bbox 2114 4248 2152 4286; x_wconf 89' lang='lat' dir='ltr'><em>F</em></span> <span class='ocrx_word' id='word_1_259' title='bbox 2177 4269 2228 4276; x_wconf 92' lang='lat'>—</span> <span class='ocrx_word' id='word_1_260' title='bbox 2252 4248 2304 4287; x_wconf 80' lang='lat'><em>14</em></span> <span class='ocrx_word' id='word_1_261' title='bbox 2331 4247 2516 4303; x_wconf 84' lang='lat' dir='ltr'><em>signifi-</em></span> 
     </span>
     <span class='ocr_line' id='line_1_29' title="bbox 515 4301 2519 4358; baseline 0 -15"><span class='ocrx_word' id='word_1_262' title='bbox 515 4302 694 4343; x_wconf 81' lang='lat' dir='ltr'><em>catione</em></span> <span class='ocrx_word' id='word_1_263' title='bbox 750 4319 772 4340; x_wconf 79' lang='lat'>*</span> <span class='ocrx_word' id='word_1_264' title='bbox 805 4304 843 4341; x_wconf 88' lang='lat' dir='ltr'><em>F</em></span> <span class='ocrx_word' id='word_1_265' title='bbox 862 4326 911 4332; x_wconf 98' lang='lat'><strong>—</strong></span> <span class='ocrx_word' id='word_1_266' title='bbox 945 4303 995 4342; x_wconf 85' lang='lat'><em>15</em></span> <span class='ocrx_word' id='word_1_267' title='bbox 1027 4302 1279 4343; x_wconf 87' lang='lat' dir='ltr'><em>haberetur</em></span> <span class='ocrx_word' id='word_1_268' title='bbox 1327 4304 1364 4342; x_wconf 90' lang='lat' dir='ltr'><em>B</em></span> <span class='ocrx_word' id='word_1_269' title='bbox 1384 4303 1442 4342; x_wconf 84' lang='lat' dir='ltr'><em>F2</em></span> <span class='ocrx_word' id='word_1_270' title='bbox 1473 4302 1667 4343; x_wconf 87' lang='lat' dir='ltr'><em>haberet</em></span> <span class='ocrx_word' id='word_1_271' title='bbox 1687 4304 1725 4342; x_wconf 98' lang='lat' dir='ltr'><em>F</em></span> <span class='ocrx_word' id='word_1_272' title='bbox 1746 4325 1799 4332; x_wconf 92' lang='lat'><em>——-</em></span> <span class='ocrx_word' id='word_1_273' title='bbox 1822 4301 1971 4343; x_wconf 79' lang='lat' dir='ltr'><em>nostri</em></span> <span class='ocrx_word' id='word_1_274' title='bbox 1992 4301 2279 4358; x_wconf 82' lang='lat' dir='ltr'><em>passionem]</em></span> <span class='ocrx_word' id='word_1_275' title='bbox 2308 4320 2330 4340; x_wconf 78' lang='lat'><strong>*</strong></span> <span class='ocrx_word' id='word_1_276' title='bbox 2351 4320 2373 4341; x_wconf 78' lang='lat'><strong>*</strong></span> <span class='ocrx_word' id='word_1_277' title='bbox 2395 4305 2434 4344; x_wconf 90' lang='lat' dir='ltr'><em>F</em></span> <span class='ocrx_word' id='word_1_278' title='bbox 2461 4327 2519 4335; x_wconf 95' lang='lat'>—</span> 
     </span>
     <span class='ocr_line' id='line_1_30' title="bbox 517 4302 2517 4413; baseline -0.002 -15"><span class='ocrx_word' id='word_1_279' title='bbox 517 4358 569 4398; x_wconf 85' lang='lat'><em>16</em></span> <span class='ocrx_word' id='word_1_280' title='bbox 592 4302 932 4412; x_wconf 79' lang='lat' dir='ltr'><em>similitudinis]</em></span> <span class='ocrx_word' id='word_1_281' title='bbox 968 4375 990 4395; x_wconf 81' lang='lat'><strong>*</strong></span> <span class='ocrx_word' id='word_1_282' title='bbox 1013 4359 1052 4398; x_wconf 90' lang='lat' dir='ltr'><em>F</em></span> <span class='ocrx_word' id='word_1_283' title='bbox 1072 4365 1127 4388; x_wconf 58' lang='grc' dir='ltr'><em>-ὲ</em></span> <span class='ocrx_word' id='word_1_284' title='bbox 1145 4359 1196 4400; x_wconf 86' lang='grc'><em>17</em></span> <span class='ocrx_word' id='word_1_285' title='bbox 1226 4371 1281 4398; x_wconf 83' lang='lat' dir='ltr'><em>ve</em></span> <span class='ocrx_word' id='word_1_286' title='bbox 1306 4357 1401 4413; x_wconf 86' lang='lat' dir='ltr'><em>itis]</em></span> <span class='ocrx_word' id='word_1_287' title='bbox 1440 4359 1547 4398; x_wconf 65' lang='grc' dir='ltr'><em>ΒΡ)</em></span> <span class='ocrx_word' id='word_1_288' title='bbox 1575 4357 1758 4399; x_wconf 86' lang='lat' dir='ltr'><em>velletis</em></span> <span class='ocrx_word' id='word_1_289' title='bbox 1789 4360 1827 4398; x_wconf 93' lang='lat' dir='ltr'><em>F</em></span> <span class='ocrx_word' id='word_1_290' title='bbox 1849 4382 1903 4389; x_wconf 90' lang='lat'><em>-—</em></span> <span class='ocrx_word' id='word_1_291' title='bbox 1928 4356 2133 4398; x_wconf 85' lang='lat' dir='ltr'><em>inveniet</em></span> <span class='ocrx_word' id='word_1_292' title='bbox 2162 4373 2186 4395; x_wconf 49' lang='grc' dir='ltr'><strong><em>ψ</em></strong></span> <span class='ocrx_word' id='word_1_293' title='bbox 2207 4374 2230 4395; x_wconf 80' lang='lat'><strong>*</strong></span> <span class='ocrx_word' id='word_1_294' title='bbox 2247 4374 2269 4395; x_wconf 52' lang='grc' dir='ltr'><em>,ε</em></span> <span class='ocrx_word' id='word_1_295' title='bbox 2297 4359 2377 4413; x_wconf 82' lang='lat' dir='ltr'><em>qui</em></span> <span class='ocrx_word' id='word_1_296' title='bbox 2399 4360 2436 4399; x_wconf 85' lang='lat' dir='ltr'><em>F</em></span> <span class='ocrx_word' id='word_1_297' title='bbox 2462 4381 2517 4389; x_wconf 88' lang='lat'>—</span> 
     </span>
     <span class='ocr_line' id='line_1_31' title="bbox 514 4411 2516 4468; baseline -0.001 -15"><span class='ocrx_word' id='word_1_298' title='bbox 514 4412 866 4468; x_wconf 83' lang='lat' dir='ltr'><em>immolabatur]</em></span> <span class='ocrx_word' id='word_1_299' title='bbox 890 4412 1052 4455; x_wconf 89' lang='lat' dir='ltr'><em>inmol.</em></span> <span class='ocrx_word' id='word_1_300' title='bbox 1072 4415 1108 4453; x_wconf 90' lang='lat' dir='ltr'><em>F</em></span> <span class='ocrx_word' id='word_1_301' title='bbox 1123 4436 1165 4443; x_wconf 95' lang='grc'><em>--</em></span> <span class='ocrx_word' id='word_1_302' title='bbox 1190 4413 1241 4454; x_wconf 91' lang='grc'><em>18</em></span> <span class='ocrx_word' id='word_1_303' title='bbox 1258 4414 1459 4468; x_wconf 81' lang='lat' dir='ltr'><em>figuram</em></span> <span class='ocrx_word' id='word_1_304' title='bbox 1478 4427 1523 4467; x_wconf 90' lang='lat' dir='ltr'><em>q.</em></span> <span class='ocrx_word' id='word_1_305' title='bbox 1574 4412 1792 4468; x_wconf 83' lang='lat' dir='ltr'><em>ercussit]</em></span> <span class='ocrx_word' id='word_1_306' title='bbox 1819 4429 1878 4450; x_wconf 43' lang='grc' dir='ltr'><em>ἡ*</em></span> <span class='ocrx_word' id='word_1_307' title='bbox 1892 4429 1915 4450; x_wconf 82' lang='lat'><strong>*</strong></span> <span class='ocrx_word' id='word_1_308' title='bbox 1938 4411 2086 4453; x_wconf 86' lang='lat' dir='ltr'><em>cussit</em></span> <span class='ocrx_word' id='word_1_309' title='bbox 2103 4414 2204 4452; x_wconf 81' lang='lat' dir='ltr'><em>F-</em></span> <span class='ocrx_word' id='word_1_310' title='bbox 2219 4413 2272 4453; x_wconf 88' lang='grc'><em>19</em></span> <span class='ocrx_word' id='word_1_311' title='bbox 2287 4415 2382 4456; x_wconf 83' lang='lat' dir='ltr'><em>Den</em></span> <span class='ocrx_word' id='word_1_312' title='bbox 2403 4430 2426 4452; x_wconf 81' lang='lat'><strong>*</strong></span> <span class='ocrx_word' id='word_1_313' title='bbox 2448 4430 2471 4452; x_wconf 75' lang='lat'><strong>*</strong></span> <span class='ocrx_word' id='word_1_314' title='bbox 2490 4430 2516 4452; x_wconf 61' lang='grc' dir='ltr'><em>-κ</em></span> 
     </span>
     <span class='ocr_line' id='line_1_32' title="bbox 518 4467 2517 4525; baseline 0.001 -17"><span class='ocrx_word' id='word_1_315' title='bbox 518 4468 635 4510; x_wconf 85' lang='lat' dir='ltr'><em>mias</em></span> <span class='ocrx_word' id='word_1_316' title='bbox 656 4471 693 4509; x_wconf 90' lang='lat' dir='ltr'><em>F</em></span> <span class='ocrx_word' id='word_1_317' title='bbox 717 4492 765 4499; x_wconf 91' lang='lat'>—</span> <span class='ocrx_word' id='word_1_318' title='bbox 795 4471 849 4509; x_wconf 85' lang='lat'><em>20</em></span> <span class='ocrx_word' id='word_1_319' title='bbox 879 4469 1001 4509; x_wconf 88' lang='lat' dir='ltr'><em>hunc</em></span> <span class='ocrx_word' id='word_1_320' title='bbox 1034 4468 1197 4523; x_wconf 87' lang='lat' dir='ltr'><em>Deum]</em></span> <span class='ocrx_word' id='word_1_321' title='bbox 1231 4467 1264 4509; x_wconf 91' lang='lat' dir='ltr'>h</span> <span class='ocrx_word' id='word_1_322' title='bbox 1287 4485 1311 4507; x_wconf 54' lang='grc' dir='ltr'><em>ιι·</em></span> <span class='ocrx_word' id='word_1_323' title='bbox 1338 4485 1362 4506; x_wconf 75' lang='lat'><strong>*</strong></span> <span class='ocrx_word' id='word_1_324' title='bbox 1384 4470 1422 4509; x_wconf 90' lang='lat' dir='ltr'><em>F</em></span> <span class='ocrx_word' id='word_1_325' title='bbox 1440 4492 1494 4499; x_wconf 92' lang='lat'><strong>—</strong></span> <span class='ocrx_word' id='word_1_326' title='bbox 1512 4470 1537 4511; x_wconf 86' lang='lat'>2</span> <span class='ocrx_word' id='word_1_327' title='bbox 1598 4467 1831 4524; x_wconf 86' lang='lat' dir='ltr'><em>appellat]</em></span> <span class='ocrx_word' id='word_1_328' title='bbox 1866 4468 2043 4523; x_wconf 77' lang='lat' dir='ltr'><em>apellat</em></span> <span class='ocrx_word' id='word_1_329' title='bbox 2064 4469 2103 4509; x_wconf 87' lang='lat' dir='ltr'><em>F</em></span> <span class='ocrx_word' id='word_1_330' title='bbox 2134 4490 2186 4500; x_wconf 88' lang='lat'><em>—</em></span> <span class='ocrx_word' id='word_1_331' title='bbox 2208 4468 2326 4525; x_wconf 81' lang='lat' dir='ltr'><em>Ego]</em></span> <span class='ocrx_word' id='word_1_332' title='bbox 2350 4486 2373 4508; x_wconf 79' lang='lat'><strong>*</strong></span> <span class='ocrx_word' id='word_1_333' title='bbox 2395 4470 2435 4510; x_wconf 85' lang='lat' dir='ltr'><em>F</em></span> <span class='ocrx_word' id='word_1_334' title='bbox 2460 4492 2517 4501; x_wconf 92' lang='lat'>—</span> 
     </span>
     <span class='ocr_line' id='line_1_33' title="bbox 515 4523 1176 4579; baseline 0 -14"><span class='ocrx_word' id='word_1_335' title='bbox 515 4523 861 4579; x_wconf 83' lang='lat' dir='ltr'><em>immaculatus]</em></span> <span class='ocrx_word' id='word_1_336' title='bbox 887 4526 924 4563; x_wconf 89' lang='lat' dir='ltr'><em>F</em></span> <span class='ocrx_word' id='word_1_337' title='bbox 944 4525 1112 4565; x_wconf 81' lang='lat' dir='ltr'><em>inmac.</em></span> <span class='ocrx_word' id='word_1_338' title='bbox 1139 4527 1176 4565; x_wconf 92' lang='lat' dir='ltr'><em>B</em></span> 
     </span>
    </p>
   </div>
  </div>
 </body>
</html>
