2880 5893
400 1045 481 1077 nv
1174 1019 1612 1077 monteronem

402 1160 582 1195 unum
613 1149 672 1196 et
699 1137 950 1196 alterum
971 1159 1256 1216 pannum,
1278 1138 1633 1216 praesertim
1663 1137 1724 1197 in
1751 1138 1847 1197 his
1875 1139 2023 1217 locis
2058 1138 2162 1196 ubi
2197 1137 2390 1198 simile

398 1253 814 1321 argumentum
852 1242 925 1298 ab
962 1253 1215 1321 utroque
1251 1252 1492 1299 auctore
1521 1241 1858 1321 exponitur.
1903 1244 2087 1300 Secus
2118 1265 2259 1301 vero
2297 1265 2392 1301 res

398 1366 460 1402 se
509 1345 713 1402 habet.
758 1344 1054 1405 Videlicet
1098 1344 1358 1402 Hilarius
1398 1344 1471 1402 de
1524 1345 1771 1402 sabbato
1809 1345 2046 1404 iudaieo
2089 1345 2392 1427 disserens

400 1448 597 1527 arguit
620 1448 778 1527 quod
804 1449 965 1505 Deus
1002 1446 1240 1525 operari
1275 1468 1396 1505 non
1424 1460 1616 1505 cessat
1649 1450 1739 1525 (In
1763 1450 1989 1528 psalm.
2025 1449 2178 1519 XCI,
2214 1448 2341 1524 3-8)
2375 1472 2388 1505 :

402 1550 558 1608 idem
594 1561 1009 1630 argumentum
1036 1561 1323 1608 tractator
1359 1563 1564 1609 noster
1609 1551 1825 1609 evolvit
1872 1553 1947 1630 (T
1942 1565 2161 1612 rac-tat.
2207 1553 2388 1628 VIII),

404 1652 508 1710 sed
531 1653 613 1710 nil
646 1674 959 1711 commune
993 1653 1353 1711 verbotenus
1381 1654 1561 1711 habet
1587 1675 1719 1712 cum
1746 1655 1995 1713 Hilario,

483 1755 776 1829 Quoniam
813 1757 1269 1814 commentarios
1322 1777 1503 1834 super
1546 1756 1805 1834 psalmos
1853 1757 2114 1815 Hilarius
2152 1756 2393 1836 scripsit

403 1871 541 1936 post
568 1879 788 1916 annum
813 1858 953 1928 360,
983 1859 1089 1916 sed
1124 1871 1260 1918 ante
1288 1879 1505 1916 annum
1536 1858 1653 1918 368
1681 1880 1797 1939 quo
1840 1860 2011 1929 obiit,
2053 1859 2252 1918 dicere
2280 1858 2394 1916 erit

402 1974 688 2020 tractatus
730 1974 991 2034 nostroS‚
1044 1974 1112 2020 ut
1158 1974 1297 2020 sunt
1347 1962 1531 2021 latino
1568 1983 1841 2021 sermone
1881 1962 2051 2036 editi,
2098 1985 2219 2022 non
2257 1975 2395 2042 post

404 2087 592 2123 annos
623 2064 891 2125 360-368
923 2064 1105 2124 fuisse
1134 2065 1406 2124 inlucem
1428 2065 1715 2144 prolatoS.

1382 2260 1411 2291 2

1355 2310 1436 2343 *ss

487 2453 560 2508 Et
586 2452 696 2508 hos
723 2461 1034 2521 tractatus,
1070 2461 1137 2507 ut
1179 2460 1340 2520 sunt,
1381 2447 1648 2528 inquam,
1688 2448 1874 2507 latino
1916 2469 2193 2507 sermone
2225 2447 2395 2518 editi,

404 2552 585 2611 fuisse
612 2574 645 2611 e
668 2573 882 2634 graeco
915 2552 1237 2611 translatos
1264 2552 1525 2611 breviter
1551 2552 1996 2610 demonstrabo.

483 2656 830 2737 Scripturae
867 2677 1092 2727 sacrae,
1140 2677 1289 2735 quae
1317 2677 1348 2713 a
1390 2667 1709 2714 tractatore
1750 2656 1987 2735 saepius
2029 2655 2090 2713 in
2137 2653 2394 2712 medium

402 2759 738 2831 adducitur,
791 2771 988 2818 textus
1037 2780 1155 2816 non
1199 2759 1632 2838 depromuntur
1674 2780 1746 2817 ex
1789 2759 2064 2816 versione
2109 2757 2396 2835 hierony-

402 2862 615 2935 miana,
655 2863 759 2922 sed
801 2884 994 2942 neque
1021 2884 1093 2922 ex
1117 2861 1438 2922 traditione
1474 2864 1631 2922 varia
1665 2862 2007 2921 versionum
2050 2860 2394 2941 praehiero-

401 2967 833 3045 nymianarum,
868 2965 930 3024 in
959 2978 1244 3045 quantum
1270 2965 1576 3025 versiones
1599 2967 1747 3025 istae
1781 2978 2111 3024 noscuntur
2138 2987 2168 3022 a
2193 2963 2389 3021 nobiS.

404 3068 561 3128 Illud
573 3092 712 3128 vero
729 3069 1110 3149 perspicuum
1138 3083 1228 3128 est
1245 3068 1579 3128 versionem
1597 3090 1870 3151 graecam
1885 3079 1989 3132 τῶν
2004 3067 2394 3149 Septuaginta

404 3173 537 3233 usui
566 3174 749 3233 fuisse
771 3172 1100 3232 tractatori.

623 3360 743 3405 Gxu.
766 3359 923 3412 thx,
948 3362 976 3404 6
999 3373 1009 3402 2
1034 3359 1419 3402 subnervaverunt
1438 3363 1635 3403 taurum.

650 3465 703 3473 —
813 3465 869 3473 —
943 3442 971 3482 9
995 3454 1006 3483 e
1030 3440 1087 3482 de
1100 3437 1319 3496 germine.

625 3520 777 3563 Exon.
803 3521 862 3576 11,
886 3522 912 3562 3
938 3532 949 3564 :
981 3518 1113 3563 tibin.

622 3600 752 3644 Nun.
778 3600 896 3655 xm,
923 3601 976 3642 33
996 3597 1401 3655 :pertransivimus
1421 3598 1730 3643 considerare.

650 3703 706 3712 —
789 3703 845 3713 --
928 3680 984 3721 34
1012 3692 1021 3721 ε
1037 3678 1267 3738 giganteo.

623 3760 729 3802 Jos.
754 3758 812 3809 11,
836 3760 861 3801 8
885 3772 895 3801 z
929 3758 1215 3801 intraverunt
1235 3756 1283 3801 in
1305 3758 1440 3800 domo
1460 3762 1543 3801 tua
1572 3762 1716 3801 nocte.

623 3839 780 3882 Iumc.
795 3838 894 3890 vll,
921 3838 974 3879 13
995 3848 1012 3879 .·
1026 3837 1240 3895 proximo
1263 3852 1345 3879 suo
1366 3837 1588 3880 somnium
1612 3841 1657 3879 et
1677 3836 1798 3880 dixit
1818 3836 2062 3881 Somniavi.

650 3941 701 3951 —
778 3918 902 3968 xm,
926 3918 953 3960 2
984 3930 995 3960 z
1023 3932 1081 3960 ex
1103 3916 1226 3959 tribu
1247 3920 1364 3960 Dan.

621 4021 677 4030 —
814 4022 871 4030 —
925 3999 953 4039 9
978 4009 987 4039 :
1013 3996 1148 4041 venit.

621 4099 680 4109 -
733 4077 850 4129 XIV,
875 4080 900 4119 5
925 4090 935 4120 :
957 4075 1220 4120 declinavit.

625 4155 772 4200 CANT.
797 4156 874 4208 lv,
898 4158 924 4199 3
947 4168 958 4201 :
992 4155 1124 4199 restis
1144 4155 1369 4200 coccinea.

623 4236 685 4278 Is.
714 4235 749 4287 Ι,
776 4236 796 4278 1
825 4249 836 4278 :
868 4235 1099 4278 adversus.

624 4339 678 4348 -
703 4339 753 4347 —
776 4315 801 4356 2
827 4328 836 4358 :
854 4314 1012 4372 genui.

623 4418 677 4427 —
699 4418 755 4427 —
780 4396 806 4436 6
830 4408 842 4437 :
866 4408 955 4438 non
980 4393 1184 4451 est[ub1]
1208 4393 1440 4449 malagma
1464 4392 1691 4451 imponere
1714 4407 1859 4451 neque
1884 4392 2031 4436 oleum
2059 4408 2203 4450 neque
2225 4392 2397 4450 alliga-

925 4479 1071 4518 turae.
