2880 5893
1140 1097 1488 1142 TRACTATUS
1522 1097 1585 1141 111
2301 1094 2354 1136 ‘23

1270 1584 1455 1694 [III]

452 1984 663 2042 Videas
680 1997 879 2040 autem
904 1983 1100 2040 Sarra
1123 1982 1316 2058 filium
1336 1980 1506 2061 Agar
1528 1984 1865 2060 aegyptiae,
1896 1974 1999 2060 qui
2022 1993 2202 2037 natus
2228 1993 2357 2039 erat

365 2076 676 2145 Abrahae,
713 2075 1012 2132 ludentem
1043 2095 1172 2130 cum
1200 2073 1328 2150 fi'lz‘o
1349 2095 1456 2129 suo
1483 2073 1682 2141 Isaae,
1714 2073 1863 2129 dzl‘cit
1889 2072 1974 2128 ad
1994 2070 2305 2128 Abraham
2335 2092 2354 2129 .·

364 2168 507 2223 Eice
552 2166 836 2223 ancillam
886 2178 942 2223 et
980 2165 1174 2242 filium
1233 2168 1380 2234 eius·‚
1428 2185 1544 2220 non
1592 2167 1743 2221 enim
1792 2164 2003 2221 haeres
2043 2166 2153 2220 erit
2192 2163 2356 2239 filius

367 2257 625 2316 ancillae
654 2278 786 2314 cum
827 2256 954 2333 fi'lio
991 2278 1116 2314 meo
1144 2255 1380 2312 Isaae¹.
2392 2275 2416 2310 5

446 2349 512 2408 Si
540 2348 803 2407 omnium
839 2358 1073 2427 patrum
1099 2358 1266 2428 gesta
1298 2347 1845 2425 prophetarumque
1874 2344 2173 2416 vaticinia,
2206 2367 2354 2423 quae

364 2453 572 2520 typum
600 2440 933 2497 futurorum
971 2460 1100 2495 esse
1136 2439 1343 2495 beatus
1379 2437 1598 2495 Paulus
1631 2437 1936 2515 apostolus
1961 2437 2189 2507 docet2,
2225 2436 2354 2494 dili-

364 2531 534 2614 genti
556 2552 693 2589 cura
719 2542 776 2588 et
792 2529 1051 2588 sollicita
1067 2528 1580 2587 animadversione
1601 2528 1870 2608 aspicere
1895 2541 1955 2586 et
1973 2526 2354 2585 considerare

364 2623 635 2694 velimuS,
673 2621 881 2702 procul
907 2621 1088 2678 dubio
1117 2643 1393 2702 magnum
1429 2632 1859 2678 sacramentum
1898 2620 2027 2697 spei
2056 2641 2122 2677 ac
2150 2619 2354 2677 salutis

364 2725 605 2773 nostrae
640 2734 670 2770 a
705 2713 958 2771 saeculis
1003 2712 1265 2790 antiquis
1302 2711 1658 2791 dispositum
1696 2733 1827 2769 esse
1864 2711 2150 2769 dicemus.
2191 2710 2354 2770 Nihil
2394 2731 2441 2766 1⁰

365 2809 527 2863 enim
566 2804 946 2882 repentinum
984 2814 1083 2861 aut
1116 2804 1490 2881 inopinatum
1527 2803 1587 2861 in
1617 2802 1931 2883 euangelio
1967 2814 2200 2884 gestum
2241 2814 2351 2869 est,

363 2896 525 2975 quod
554 2917 672 2953 non
708 2894 873 2973 prius
902 2894 1080 2953 fuerit
1098 2907 1195 2953 aut
1226 2894 1622 2974 praefigurata
1651 2906 1884 2973 patrum
1909 2892 2354 2973 praedicatione

367 2999 756 3045 monstratum
804 2998 900 3044 aut
947 3007 1129 3066 opere
1169 2998 1620 3063 praeostensum
1667 2997 1764 3043 aut
1814 2985 2165 3065 prophetica
2211 3006 2354 3042 voce

362 3078 792 3158 praedicatum.
825 3078 1095 3156 Denique
1120 3078 1233 3135 hoc
1260 3077 1322 3134 in
1343 3077 1497 3147 loco,
1522 3099 1654 3135 cum
1683 3077 2004 3147 Abraham,
2037 3076 2197 3134 iuxta
2221 3098 2354 3133 con·

365 3170 563 3228 silium
608 3171 819 3228 Sarrae
863 3169 1063 3228 uxoris
1100 3190 1262 3239 suae,
1307 3168 1468 3250 Agar
1503 3169 1779 3226 ancillam
1820 3190 1983 3226 suam
2021 3167 2354 3248 aegyptiam
2393 3190 2440 3225 15

364 3260 744 3344 cognovisset
776 3273 834 3321 et
865 3283 937 3318 ex
971 3283 1035 3317 ea
1075 3260 1260 3318 filium
1294 3259 1503 3319 Ismael
1542 3260 1780 3317 nomine
1818 3259 2204 3339 suscepisset,
2250 3258 2355 3317 sed

364 3365 424 3411 et
442 3365 647 3433 postea
676 3374 809 3410 cum
835 3354 1009 3410 Sarra
1034 3351 1096 3410 iu
1112 3363 1417 3410 senectute
1443 3374 1545 3409 sua
1567 3351 1755 3409 filium
1771 3351 2106 3430 peperisset
2123 3372 2188 3409 ac
2211 3350 2354 3408 invi-

364 3466 492 3503 cem
521 3443 795 3502 ludentes
829 3443 1086 3501 infantes
1112 3443 1381 3513 vidisset,
1416 3443 1561 3522 quid
1585 3455 1675 3499 est
1700 3443 1860 3522 quod
1890 3442 2039 3500 dixit
2071 3442 2144 3499 ad
2170 3442 2355 3501 Abra-

364 3537 501 3594 ham
523 3559 534 3592 :
559 3538 701 3593 Eice
724 3535 1005 3593 ancillam
1035 3549 1089 3593 et
1109 3535 1303 3612 filium
1331 3539 1479 3606 eine,
1506 3556 1623 3592 non
1649 3539 1802 3592 enim
1826 3535 2037 3591 haeres
2056 3538 2167 3592 erit
2190 3534 2356 3611 filius

363 3628 621 3685 anclllae
648 3649 779 3685 cum
804 3626 931 3703 filio
962 3648 1088 3684 meo
1114 3626 1332 3684 Isaac?
1367 3627 1651 3708 Magnum
1681 3626 1883 3705 utique
1921 3637 2354 3684 sacramentum
2389 3647 2440 3683 20

417 3815 460 3858 1.
492 3814 612 3858 Gan.
636 3814 749 3864 xxi,
772 3815 896 3856 9-10.

418 3872 461 3913 2.
491 3870 605 3914 Cot..
628 3870 687 3922 11,
711 3869 780 3914 17.

419 4095 444 4135 2
468 4093 661 4191 Vidensg
689 4093 821 4134 idens
847 4096 901 4147 B,
925 4092 1117 4135 initialia
1148 4092 1328 4135 litterae
1357 4092 1481 4134 locus
1513 4106 1678 4134 vacuus
1708 4093 1939 4134 remansit.
1963 4117 2015 4124 —
2042 4093 2202 4149 Sarra]
2239 4094 2355 4135 Sara

362 4152 402 4192 B
422 4149 551 4192 etita
578 4163 629 4190 eu
664 4147 768 4191 inde
785 4173 839 4180 —
862 4147 1071 4205 aegipcie
1094 4163 1125 4205 q
1151 4165 1175 4188 *
1192 4166 1215 4187 *
1232 4152 1307 4190 tus
1330 4151 1368 4190 F
1384 4172 1438 4180 ·—
1458 4148 1526 4191 fili
1541 4166 1564 4187 *
1579 4147 1696 4190 dixit
1716 4151 1755 4189 F
1771 4171 1824 4180 —
1847 4151 1871 4189 ῑι
1887 4148 2046 4204 aucit]
2073 4151 2110 4189 F
2129 4148 2290 4189 anscil.
2317 4151 2355 4189 B

361 4209 405 4248 et
432 4203 626 4246 subinde
649 4229 702 4237 —
724 4210 771 4247 et
803 4206 821 4245 f
848 4221 911 4244 Η
934 4218 1026 4246 11011
1053 4207 1092 4246 F
1115 4227 1164 4236 —
1197 4207 1221 4245 5
1252 4204 1404 4261 Isaac]
1440 4204 1497 4246 Hi
1521 4222 1544 4243 *
1565 4207 1604 4247 F
1634 4227 1684 4237 —
1716 4206 1739 4246 7
1777 4203 1960 4260 typum]
1994 4207 2033 4246 Β
2062 4206 2123 4244 F2
2162 4204 2290 4259 tipus
2322 4206 2358 4244 F

362 4285 419 4293 -
458 4263 483 4302 8
522 4259 945 4316 animadversione]
983 4259 1156 4301 anime..
1199 4259 1475 4302 adversione
1513 4263 1552 4301 F
1589 4283 1646 4292 —
1679 4259 1908 4315 aspicere]
1958 4263 1995 4300 F
2020 4273 2186 4301 curare
2228 4262 2266 4300 B
2297 4283 2354 4291 —-

362 4318 391 4358 9
421 4316 644 4373 sacram.]
682 4329 886 4371 sagram.
927 4319 965 4358 F
991 4340 1047 4348 —-
1076 4314 1304 4380 dicemus]
1338 4316 1404 4357 ΡΞ
1439 4315 1637 4358 dicimus
1668 4317 1707 4357 F
1736 4314 1984 4357 didicimus
2014 4318 2052 4356 Β
2079 4339 2136 4346 ——
2165 4315 2212 4356 11
2250 4314 2349 4371 aut]

363 4385 513 4427 neque
530 4374 569 4412 F
587 4396 636 4402 —
656 4371 708 4413 12
732 4370 863 4428 prius
883 4370 1040 4428 fuerit]
1068 4372 1209 4413 fuerit
1233 4385 1365 4427 prius
1387 4374 1426 4412 F
1441 4396 1496 4403 —
1515 4372 1566 4414 15
1588 4385 1643 4413 ae
1679 4370 1877 4427 yptiam]
1903 4369 2141 4425 ecypciam
2167 4373 2301 4425 Fegy
2339 4393 2353 4401 -

364 4426 484 4468 ciam
516 4427 581 4468 1⁶¹³
606 4451 660 4458 -
676 4428 731 4469 16
753 4426 940 4483 ismael]
965 4425 1141 4483 scripsi,
1170 4425 1373 4469 Ismahel
1396 4430 1436 4469 Β
1463 4430 1502 4469 F
1519 4431 1563 4468 et
1590 4441 1642 4468 su
1675 4426 1781 4468 inde
1806 4449 1863 4459 —-
1890 4426 1943 4468 18
1974 4425 2083 4491 quid
2106 4432 2178 4467 est
2206 4385 2348 4482 quog]

364 4483 420 4525 ΡΒ
455 4480 501 4524 in
532 4496 643 4537 ras„
709 4482 814 4523 uide
849 4481 973 4538 quod
994 4484 1214 4524 Frursus
1244 4485 1284 4524 Β
1311 4506 1367 4514 -
1396 4482 1651 4538 Abraham]
1684 4481 1795 4524 add.
1821 4485 1859 4525 F
1876 4486 2096 4525 maritum
2130 4495 2267 4523 suum
2301 4505 2350 4513 —

364 4538 419 4582 19
449 4537 574 4598 Eice]
607 4536 671 4580 ad
708 4570 717 4581 .
744 4541 782 4583 F
799 4536 856 4581 de
881 4538 1019 4582 domo
1051 4561 1101 4571 —-
1124 4538 1178 4580 20
1203 4538 1355 4595 Isaac]
1380 4542 1418 4580 B
1443 4541 1505 4582 Ι<’“’ζ
1532 4538 1695 4581 Isahac
1722 4541 1758 4580 F
