2880 5893
401 1446 1402 1574 TRACTATUS
1538 1449 2385 1573 ORIGENIS

1008 2215 1084 2272 IN
1142 2215 1443 2273 NOMINE
1512 2215 1789 2272 DOMINI

787 2342 1077 2400 INCIPIT
1148 2341 1607 2400 TRACTATVS
1661 2342 2033 2400 ORIGENIS

487 2471 589 2530 DE
635 2470 889 2529 LIBRIS
937 2469 1671 2528 SACROSANCTARVM
1718 2469 2326 2529 SCRIPTVRARVM

660 2596 1243 2657 COMPROBATVS
1286 2597 1335 2654 A
1380 2596 1635 2654 BEA'I'O
1682 2597 2148 2655 HIERONIMO.

1365 2962 1463 3071 [I]

500 3259 578 3314 Et,
619 3257 797 3333 finxit
841 3257 1002 3313 Deus
1037 3255 1324 3313 hominem
1370 3257 1439 3312 de
1475 3255 1611 3312 limo
1649 3269 1867 3326 terrae,
1899 3258 2105 3330 [Adam
2150 3259 2232 3315 ad
2263 3262 2414 3315 ima-

416 3351 613 3428 ginem
660 3362 715 3405 et
764 3347 1201 3404 similitudinem
1252 3348 1409 3419 Dei,]
1462 3361 1516 3404 et
1559 3350 1870 3425 inspiravit
1913 3350 1970 3404 in
2011 3352 2232 3425 faciem
2290 3355 2414 3407 eius

420 3442 693 3518 spiritum
724 3443 894 3509 vitae,
936 3452 992 3496 et
1019 3439 1220 3518 factus
1247 3451 1332 3495 est
1363 3439 1531 3494 homo
1560 3442 1619 3494 in
1651 3443 1915 3495 animam
1945 3443 2221 3498 viventem
2241 3441 2282 3498 1.

505 3529 677 3587 Multi
730 3539 868 3587 sunt
934 3527 1222 3587 ineruditi
1298 3529 1570 3587 homines
1593 3572 1606 3598 ,
1673 3529 2016 3587 caelestium
2087 3530 2416 3590 litterarum

428 3632 727 3699 experteS‚
748 3620 871 3699 qui,
888 3641 1021 3678 cum
1038 3619 1285 3677 audiunt
1304 3618 1526 3676 dixisse
1543 3621 1764 3676 Deum:
1790 3621 2110 3679 Faciamus
2131 3624 2416 3682 hominem
2459 3652 2503 3686 ιο

426 3713 511 3770 ad
555 3714 869 3791 imaginem
905 3725 958 3769 et
991 3712 1432 3769 similitudinem
1457 3724 1723 3768 nostram
1746 3712 1788 3782 2,
1820 3723 2031 3789 putant
2066 3735 2417 3793 corporeum

485 3928 525 3970 1.
558 3928 676 3970 Gssx.
702 3927 757 3982 II,
787 3928 827 3969 7.

484 3985 525 4026 2.
559 3984 677 4026 ΟΕΝ.
703 3983 740 4034 I,
768 3983 836 4024 26.

486 4208 512 4249 4
544 4205 601 4248 IN
628 4204 814 4249 NOMIN
824 4201 1239 4257 E-HIERONIMO]
1261 4200 1424 4243 litteris
1441 4200 1630 4257 capital.
1654 4200 1800 4260 nigri-⁸
1823 4206 1871 4255 F,
1896 4203 2060 4247 lineri-5
2083 4204 2250 4249 uneial.
2279 4206 2428 4249 rubris

437 4280 473 4320 B
505 4303 561 4310 -—
596 4272 1158 4329 SACROSANCTARVM]
1185 4272 1337 4315 SCOR
1356 4275 1451 4313 F-
1469 4272 1820 4331 HIERONIMO]
1839 4274 2027 4317 Addunt
2045 4279 2085 4318 B
2106 4279 2144 4317 F
2154 4276 2428 4333 capitulare,

436 4335 483 4377 in
502 4334 592 4388 fine
611 4332 738 4373 cuius
766 4333 802 4371 F
826 4329 963 4371 imbec
984 4329 1130 4372 ITEM
1158 4328 1388 4370 TEXTVS
1411 4328 1569 4371 LIBRI
1593 4328 1843 4371 GENESIS
1867 4330 2035 4373 uncial.
2071 4332 2194 4375 rubr.
2217 4336 2257 4374 B
2279 4339 2430 4377 autem

434 4388 501 4431 aie
524 4387 742 4431 INCIPIT
767 4385 965 4429 SERMO
988 4384 1264 4429 ORIGENIS
1291 4384 1504 4426 PRIMVS
1529 4384 1602 4425 DE
1639 4384 1946 4430 FIGMENTO
1978 4386 2227 4431 HOMINIS
2259 4388 2427 4432 unc-tal.

436 4444 562 4487 rubr.
578 4469 633 4475 —
646 4444 672 4484 6
692 4440 765 4498 Et]
791 4440 960 4482 Littera
979 4441 1013 4483 E
1029 4440 1260 4496 eleganter
1273 4438 1506 4480 delineata
1525 4445 1568 4481 et
1586 4438 1851 4496 simpliciter
1904 4442 1997 4485 icta
2015 4441 2061 4483 in
2085 4445 2138 4493 B,
2156 4458 2306 4486 crasse
2322 4444 2434 4487 deli-

438 4503 574 4541 neata
594 4498 639 4541 in
659 4499 697 4540 F
708 4522 763 4530 -
780 4495 997 4552 Etfinxit]
1017 4494 1187 4537 Efinxit
1204 4496 1243 4536 F
1259 4519 1309 4526 -
1322 4496 1348 4536 9
1370 4494 1609 4552 ineruditi]
1627 4495 1817 4548 inllsditi
1889 4520 1943 4528 --
1960 4496 2014 4538 10
2029 4504 2240 4555 expertes
2263 4501 2434 4544 caeles-

437 4554 557 4598 tium
593 4554 855 4597 litterarum
885 4554 924 4593 F
938 4575 994 4584 —
1015 4549 1228 4606 audiunt]
1265 4551 1301 4592 F
1325 4550 1519 4592 audiant
1538 4552 1578 4592 B
1604 4575 1654 4583 —
1680 4551 1729 4593 11
1762 4551 1836 4608 Et]
1865 4558 1910 4594 et
1939 4552 1996 4594 ad
2021 4555 2058 4594 F

534 4635 626 4670 ΒΑτι
630 4647 733 4672 vvvvv
757 4652 804 4662 -
823 4632 1004 4668 Truentus
1024 4631 1200 4677 origenis.
2320 4637 2336 4670 1
