2880 5893
500 1095 553 1143 20
1164 1089 1513 1140 TRA'GTATUS
1544 1094 1823 1141 ORIGENIS

495 1202 627 1271 tati,
663 1202 739 1260 ad
778 1201 1122 1260 solidiorem
1163 1201 1301 1259 fidei
1350 1201 1739 1258 substantiam
1782 1202 2187 1281 profecerunt,
2221 1201 2397 1259 sicuti
2430 1193 2489 1260 et

495 1294 732 1352 David1
774 1293 1201 1373 paenitentiam
1260 1314 1444 1373 agens
1496 1293 1870 1372 coagulatum
1921 1305 1987 1351 ut
2034 1293 2123 1351 lac
2168 1315 2269 1351 cor
2317 1315 2489 1352 suum

496 1406 628 1442 esse
676 1385 932 1442 dicebat.
987 1385 1259 1462 Denique
1306 1405 1439 1441 curn
1491 1385 1767 1461 butyrum
1825 1383 1887 1441 fit
1947 1406 2145 1441 serum
2207 1385 2278 1441 de
2337 1384 2488 1442 lacte

496 1488 826 1560 separatur,
866 1488 923 1532 et
945 1473 1140 1532 oleum
1177 1474 1248 1532 de
1280 1476 1491 1553 butyro
1520 1473 1795 1533 efficitur.
1835 1476 1922 1532 Ita
1961 1487 2019 1532 et
2055 1475 2128 1533 de
2156 1474 2308 1533 laete
2337 1475 2489 1555 legis

432 1590 459 1625 s
495 1566 789 1624 increduli
839 1567 999 1624 velut
1050 1587 1244 1624 serum
1289 1576 1663 1644 separantur,
1704 1577 1879 1644 atque
1923 1587 1995 1623 ex
2034 1566 2274 1624 Ioannis
2317 1588 2492 1645 prae-

493 1657 812 1726 dicatione,
855 1656 1018 1737 quod
1059 1668 1150 1713 est
1188 1657 1466 1735 butyrum
1505 1656 1994 1737 pinguissimum,
2038 1657 2490 1738 euangeliorum

492 1752 900 1810 testimonium
933 1752 1095 1808 velut
1128 1751 1325 1808 oleum
1364 1752 1705 1830 praebetur.
1745 1752 1831 1809 Ac
1875 1752 2130 1829 proinde
2166 1774 2299 1810 cum
2337 1752 2490 1810 vitu-

493 1843 614 1902 lum
675 1863 810 1900 curn
875 1843 1028 1899 lacte
1094 1854 1153 1899 et
1208 1843 1426 1920 butyro
1492 1841 1795 1899 Abraham
1865 1841 2121 1899 Domino
2188 1842 2487 1901 edendum

493 1944 845 2011 apponeret,
881 1934 996 1991 hoc
1024 1933 1404 2014 significabat
1437 1932 1597 2012 quod
1626 1954 1734 1990 nec
1775 1954 1992 2011 corpus
2027 1935 2290 2005 Domini,
2324 1935 2486 2013 quod

407 2045 455 2081 ιο
492 2038 581 2082 est
633 2023 874 2095 vitulus,
930 2023 1058 2081 sine
1107 2024 1256 2082 lacte
1306 2023 1490 2104 legis,
1545 2045 1655 2081 nec
1705 2025 1792 2081 lae
1844 2024 1995 2105 legis
2056 2025 2186 2083 sine
2231 2026 2482 2104 butyr0‚

491 2116 653 2196 quod
680 2128 770 2173 est
804 2115 1042 2174 Ioannis
1082 2115 1481 2195 praedicatio,
1520 2136 1631 2173 nec
1666 2116 1906 2174 Ioannis
1942 2117 2310 2195 praedicatio
2356 2117 2484 2175 sine

490 2206 832 2287 euangelica
860 2205 1235 2286 plenitudine
1280 2227 1410 2263 esse
1436 2217 1657 2284 potest.

570 2298 729 2371 Quid
781 2310 976 2355 autem
1021 2309 1144 2355 tres
1205 2318 1517 2355 mensurae
1580 2297 1832 2367 similae,
1888 2298 2033 2376 quid
2069 2300 2247 2357 etiam
2300 2320 2484 2378 panes

489 2390 677 2468 azymi
744 2389 817 2446 de
861 2390 1056 2446 tribus
1117 2388 1410 2445 mensuris
1463 2388 1843 2446 subcinericii
1898 2390 2188 2461 indicent,
2246 2390 2485 2448 silentio

404 2501 451 2537 15
489 2479 815 2559 praeterire
866 2501 985 2537 non
1043 2478 1351 2536 debemus.
1395 2480 1539 2536 Tres
1591 2478 1789 2558 itaque
1833 2502 2141 2539 mensurae
2187 2493 2311 2539 tres
2347 2493 2488 2539 sunt

489 2572 907 2653 generationes
972 2573 1122 2640 Noe,
1204 2569 1268 2626 id
1334 2581 1425 2627 est
1495 2571 1653 2641 Sem,
1724 2572 1910 2629 Cham
1980 2584 2038 2629 et
2105 2573 2333 2650 Iaphet,
2414 2595 2487 2630 ex

489 2662 707 2742 quibus
767 2673 904 2739 post
965 2661 1255 2719 diluvium
1311 2682 1483 2718 omne
1542 2683 1732 2741 genus
1776 2661 2083 2720 hominum
2147 2676 2483 2740 reparatum

488 2765 607 2824 est,
662 2754 724 2811 id
772 2765 864 2811 est
906 2774 1111 2810 omnes
1161 2753 1383 2822 tribue,
1433 2752 1671 2831 linguae
1724 2765 1782 2810 et
1833 2754 2104 2812 nationes
2157 2775 2287 2812 esse
2346 2776 2485 2812 coe-

487 2857 732 2923 perunt,
793 2867 864 2902 ex
931 2844 1147 2922 quibus
1202 2844 1263 2900 in
1316 2843 1532 2922 Xpisto
1586 2844 1899 2902 credentes
1967 2845 2115 2902 socii
2185 2846 2482 2923 passionis

399 2959 450 2995 πο
487 2938 614 2994 eius
666 2948 724 2994 et
781 2935 1101 3014 participes
1161 2948 1397 2993 sanctae
1457 2956 1692 2993 mensae
1752 2948 1951 2993 essent
2029 2937 2245 3008 futuri,
2300 2936 2482 2993 immo

486 3028 630 3085 etin
660 3049 874 3105 panem
913 3026 1200 3084 dominici
1240 3028 1510 3105 corporis
1544 3027 1892 3105 deputandi,
1933 3028 2031 3106 qui
2070 3028 2207 3085 ideo
2247 3028 2308 3085 in
2347 3049 2485 3107 spe-

485 3118 575 3176 cie
620 3116 849 3175 similae
897 3128 1337 3196 comparantur,
1385 3118 1520 3196 quia
1562 3117 1819 3197 primum
1863 3130 1925 3175 ut
1976 3139 2161 3196 grana
2206 3118 2379 3176 fortia
2425 3129 2485 3175 et

487 3210 727 3267 robusta
768 3231 798 3267 a
835 3207 1020 3287 paleis
1063 3209 1334 3288 gentium
1375 3209 1635 3288 Spiritus
1680 3209 1882 3267 Sancti
1918 3208 2058 3267 flatu
2094 3209 2386 3289 separati,
2425 3221 2484 3267 et

488 3299 638 3357 mola
683 3299 833 3380 legis
867 3298 1316 3378 comprehensi,
1355 3311 1420 3356 ut
1450 3299 1499 3356 si
1537 3321 1651 3378 qua
1689 3300 1881 3357 inerat
1913 3299 2130 3358 duritia
2173 3301 2482 3381 frangere-

396 3417 447 3452 25
484 3403 599 3449 tur.
634 3394 800 3449 Tunc
826 3403 1206 3468 peccatorum
1231 3390 1483 3448 furfures
1515 3389 1771 3462 excussi,
1811 3403 1875 3448 ut
1902 3390 2274 3449 credentium
2296 3412 2482 3470 popu-

484 3482 677 3539 lorum
724 3503 871 3561 pura
922 3493 980 3539 et
1030 3481 1283 3539 candida
1323 3481 1459 3539 fidei
1507 3493 1641 3539 vota
1692 3482 1854 3539 velut
1906 3481 2098 3539 simila
2148 3504 2483 3563 purgaren-

481 3586 601 3646 tur,
653 3574 808 3631 sicut
859 3572 1149 3652 scriptum
1200 3583 1292 3630 est
1342 3596 1355 3629 ε
1402 3573 1594 3652 Super
1630 3578 1819 3631 nivem
1868 3575 2242 3631 candidiores
2292 3574 2487 3653 effiae‘cti

539 3760 578 3802 1.
612 3759 689 3802 Ps.
709 3760 902 3811 CXVIII,
932 3761 1001 3802 70.

537 3985 563 4024 2
584 3982 739 4039 magn]
764 3995 887 4038 quoa
927 4016 937 4026 .
960 3984 1066 4023 F—
1087 3984 1111 4023 3
1133 3981 1258 4039 eum]
1285 3982 1406 4025 sicut
1420 3984 1478 4024 1¹2
1498 3982 1544 4026 in
1562 3997 1654 4025 ras.
1679 4009 1735 4014 —
1756 3984 1825 4040 fit]
1851 3989 1898 4026 et
1916 3985 1975 4025 F2
1999 3982 2044 4025 in
2069 3998 2162 4027 ras.
2182 4008 2238 4016 —
2254 3985 2282 4025 4
2304 3984 2477 4042 oleum]

483 4039 584 4081 oleo
603 4040 641 4080 F
655 4039 756 4080 oleo
780 4052 870 4094 quo
930 4039 984 4080 ΡΖ
1006 4062 1062 4070 —-
1083 4037 1221 4094 lecte]
1241 4055 1265 4076 *
1288 4042 1333 4079 te
1348 4040 1450 4078 F—
1471 4041 1495 4080 5
1514 4044 1653 4094 atque
1677 4038 1749 4095 ex]
1770 4057 1792 4078 4
1814 4056 1836 4078 *
1851 4041 1986 4080 F—6
2000 4039 2190 4095 pinguis
2208 4057 2232 4078 *
2249 4040 2479 4095 geliorum

483 4097 521 4136 F
536 4119 592 4125 —
616 4096 638 4136 7
660 4093 875 4150 proinde]
901 4110 925 4133 νε
950 4097 987 4134 F
1003 4096 1095 4133 -8
1115 4092 1254 4149 laete]
1276 4093 1388 4134 add.
1418 4094 1538 4149 legis
1560 4097 1612 4141 B,
1643 4094 1763 4150 legis
1789 4109 1908 4137 eras.
1933 4097 1971 4136 F
1992 4120 2048 4125 —
2069 4095 2258 4152 butyro]
2285 4096 2478 4145 correxi,

486 4163 645 4192 ...rum
665 4152 703 4191 B
724 4152 764 4191 F
778 4173 834 4181 —
856 4151 903 4191 11
931 4163 1014 4191 nec
1036 4149 1222 4191 loannis
1244 4149 1552 4205 praedicatio]
1578 4152 1647 4191 F2
1670 4151 1753 4193 sot.
1777 4176 1833 4182 —
1850 4152 1902 4192 13
1918 4150 2158 4247 ινεεέὶμοσι
2176 4165 2423 4193 mensurae
2445 4153 2485 4193 F

481 4229 536 4236 —-
559 4205 741 4247 similae
796 4204 998 4247 simmile
1023 4207 1062 4245 F
1085 4230 1141 4237 --
1206 4204 1428 4247 taeterire
1508 4206 1720 4248 raeteriri
1742 4208 1780 4247 F
1800 4231 1856 4237 —
1877 4208 1930 4248 15
1952 4206 2008 4248 de
2045 4206 2196 4263 emus]
2221 4206 2359 4248 debet
2379 4208 2418 4247 F
2435 4210 2480 4248 et

482 4261 594 4304 add.
616 4261 731 4310 QVA
773 4262 808 4303 E
829 4260 978 4303 TRES
997 4261 1154 4303 MENS
1197 4261 1270 4317 Rig:
1296 4261 1430 4302 DICV
1515 4261 1591 4303 VR
1614 4286 1669 4292 -
1692 4263 1746 4303 16
1769 4261 1816 4302 id
1840 4260 1929 4317 est]
1954 4264 1993 4302 F
2016 4261 2061 4303 in
2092 4276 2185 4305 ras.
2213 4288 2268 4293 —
2291 4261 2474 4319 Iaphet]

481 4319 519 4357 F
535 4316 650 4358 iafet
669 4320 709 4357 B
728 4340 784 4348 —
803 4314 994 4372 quibus]
1019 4319 1058 4357 Β
1083 4316 1148 4356 F3
1169 4316 1322 4372 qubus
1344 4318 1382 4356 F
1398 4340 1454 4348 —
1476 4317 1528 4357 18
1547 4316 1779 4373 nationes]
1807 4319 1845 4357 F
1863 4316 2065 4358 nationis
2085 4320 2124 4358 B
2141 4343 2197 4349 --
2220 4319 2272 4359 19
2289 4317 2477 4372 passio—

481 4371 573 4427 nis]
604 4374 643 4413 B
666 4371 731 4413 F3
751 4371 996 4427 passiones
1031 4373 1070 4412 F
1090 4395 1146 4403 —-
1176 4372 1226 4412 21
1259 4371 1326 4428 in]
1352 4373 1436 4421 F2,
1471 4386 1556 4413 om.
1593 4376 1632 4413 Β
1660 4375 1770 4414 F—
1792 4373 1843 4413 23
1876 4373 2027 4414 sancti
2055 4372 2250 4428 spiritus
2278 4376 2316 4414 F
2340 4398 2395 4404 -
2424 4374 2478 4414 24

480 4426 826 4483 comprehensi]
851 4430 889 4468 F
905 4425 1268 4482 conprehensiB
1283 4451 1339 4459 —-
1360 4426 1428 4484 ut]
1450 4440 1570 4469 eras.
1589 4430 1628 4469 F
1644 4452 1699 4459 —
1719 4429 1772 4469 25
1794 4433 2093 4482 peccatorum
2141 4431 2180 4469 F
2202 4436 2475 4484 peccatores

480 4485 519 4524 B
535 4508 591 4514 —
614 4483 765 4524 furfur
787 4500 811 4522 *
829 4485 868 4523 F
883 4507 939 4514 -—
959 4483 1014 4524 26
1034 4482 1338 4539 populorum]
1359 4485 1422 4523 F2
1447 4487 1745 4538 peccatorum
1762 4486 1801 4525 Β
1818 4486 1857 4525 F
1867 4508 1923 4516 -
1940 4483 2075 4526 candi
2130 4500 2154 4524 π
2172 4487 2211 4527 F
2224 4509 2280 4516 —
2296 4483 2472 4543 simila]

482 4536 686 4581 simmila
708 4539 746 4579 F
763 4563 819 4571 —
842 4537 1092 4596 scriptum]
1114 4554 1137 4577 *
1155 4537 1309 4595 iptum
1331 4541 1371 4581 F
