2880 5893
1150 1089 1502 1134 TRACTATUS
1536 1087 1638 1130 VIII
2336 1087 2389 1127 95

396 1193 687 1253 iustorum
708 1193 946 1266 colitur,
974 1195 1115 1253 dum
1136 1217 1164 1251 a
1199 1195 1365 1251 malis
1394 1195 1678 1273 operibus
1704 1193 2037 1250 ab'stinetur
2062 1215 2075 1252 :
2103 1193 2392 1270 perfectio

401 1309 538 1344 vero
575 1286 808 1344 sabbati
845 1288 1234 1344 sabbatorum
1267 1286 1522 1364 septimo
1553 1284 1871 1342 millesimo
1901 1306 2079 1352 anno,
2119 1283 2220 1362 qui
2260 1306 2391 1362 sep-

403 1378 581 1435 timus
635 1377 763 1435 dies
808 1390 897 1434 est
937 1377 1201 1445 Domini,
1246 1378 1306 1434 in
1352 1377 1789 1434 resurrectione
1837 1388 2175 1433 sanctorum
2221 1387 2279 1433 et
2329 1376 2391 1433 in

404 1490 587 1548 regno
619 1468 726 1527 Dei
756 1468 1306 1546 repraesentabitur
1335 1467 1531 1528 nobis,

482 1560 640 1633 Quid
668 1583 835 1641 erg0‚
869 1560 1104 1630 Iudaee,
1139 1560 1330 1617 adbuc
1358 1560 1627 1617 umbram
1650 1560 1981 1617 futurorum
2010 1558 2234 1641 exlege
2265 1579 2394 1616 seo·-

402 1652 568 1722 taris,
620 1673 752 1710 cum
799 1652 913 1709 iam
960 1652 1095 1708 finis
1148 1652 1300 1730 legis
1350 1651 1598 1729 Xpistus
1635 1652 1960 1721 advenerit,
2004 1651 2064 1707 in
2113 1672 2231 1729 quo
2275 1671 2394 1707 non

404 1745 610 1801 umbra
646 1744 750 1800 sed
789 1743 1028 1812 veritaS,
1068 1765 1187 1800 non
1230 1743 1419 1824 figura
1456 1743 1560 1799 sed
1599 1742 1911 1821 plenitudo
1949 1742 2260 1824 religionis
2305 1753 2395 1800 est

406 1835 674 1893 reddita?
707 1837 873 1892 Tunc
909 1835 1067 1892 enim
1107 1834 1302 1891 omnia
1346 1834 1406 1890 in
1435 1834 1693 1913 imagine
1730 1834 1899 1912 quasi
1929 1855 2035 1912 per
2063 1833 2394 1914 aenigmata

403 1927 786 2007 gerebantur,
818 1948 975 1983 nune
1012 1927 1231 1983 veritas
1274 1926 1584 1983 inlustrata
1622 1927 1931 1984 suecessit.
1970 1926 2044 1984 Et
2080 1925 2217 1982 ideo
2252 1936 2394 1982 tune

405 2017 591 2097 figura
630 2016 812 2074 futuri
840 2016 1069 2073 sabbati
1091 2039 1198 2095 per
1227 2016 1417 2097 legem
1441 2016 1503 2073 in
1534 2018 1761 2074 honore
1793 2038 1923 2073 esse
1956 2016 2298 2085 iubebatur,
2330 2027 2396 2072 ut

404 2129 537 2164 cum
584 2107 708 2166 veri
753 2107 985 2165 sabbati
1021 2108 1172 2175 dies,
1219 2107 1282 2164 id
1327 2120 1417 2165 est
1461 2108 1748 2165 malorum
1794 2129 2043 2185 operum
2082 2106 2249 2176 feria,
2289 2128 2396 2184 per

404 2199 808 2280 euangelicam
846 2199 1019 2256 fidem
1057 2199 1421 2268 advenisset,
1458 2213 1600 2257 tunc
1642 2199 1871 2257 sublata
1910 2198 2169 2279 imagine
2205 2197 2395 2255 inlus-

403 2290 553 2347 trior
580 2291 703 2348 veri
725 2290 956 2347 sabbati
980 2292 1172 2347 honor
1194 2292 1533 2349 haberetur.

459 2488 478 2528 1
505 2488 677 2530 colitur
698 2488 744 2529 d.
769 2501 795 2529 a
819 2487 975 2544 malis]
1004 2505 1028 2526 *
1050 2504 1110 2526 **
1125 2505 1148 2526 ,ι
1171 2490 1209 2529 F
1227 2512 1281 2519 —
1304 2490 1328 2529 2
1348 2488 1477 2546 vero]
1498 2506 1522 2528 *
1538 2506 1563 2528 ,ι
1579 2505 1603 2527 *
1626 2489 1686 2531 do
1707 2492 1746 2531 F
1763 2514 1819 2521 —
1842 2489 2169 2549 sabbatorum]
2203 2490 2398 2534 add.⁷F²

404 2549 477 2585 est.
497 2567 552 2575 —
575 2543 825 2585 millesimo
844 2557 966 2584 anno
990 2542 1088 2599 qui]
1115 2561 1138 2582 *
1160 2560 1184 2582 *
1202 2560 1225 2582 *
1250 2544 1296 2585 ui
1318 2546 1356 2584 F
1374 2569 1431 2576 --
1451 2547 1475 2586 3
1499 2544 1588 2601 est]
1612 2560 1697 2586 om.
1723 2547 1762 2586 F
1780 2569 1830 2577 —
1855 2560 2069 2589 resurrec
2085 2564 2108 2586 *
2124 2565 2148 2587 ιι
2164 2564 2189 2587 *
2215 2549 2264 2590 in
2285 2551 2323 2590 F
2345 2571 2396 2579 -

404 2601 429 2640 5
448 2598 569 2647 Quid
591 2613 703 2655 ergo
726 2598 896 2641 Iudaee
941 2615 965 2637 *
981 2615 1004 2638 *
1023 2616 1046 2638 ιι
1067 2613 1090 2650 q
1112 2602 1149 2640 F
1171 2623 1220 2630 —
1244 2599 1480 2657 umbram]
1506 2602 1616 2642 BF2
1640 2600 1811 2643 umbra
1831 2603 1869 2642 F
1887 2627 1943 2633 -—
1964 2602 2068 2659 lege
2091 2603 2287 2646 sectaris
2317 2603 2358 2643 I*
2373 2620 2398 2643 ιι

404 2656 443 2696 F
457 2655 568 2696 —in
628 2687 637 2695 .
666 2669 707 2696 n.
735 2653 899 2696 umbra
946 2671 970 2693 ιν
987 2671 1009 2693 ,ι
1027 2671 1051 2694 ,ι-
1070 2672 1093 2694 *
1110 2654 1196 2697 bra
1213 2657 1250 2695 F
1265 2681 1316 2686 —-
1338 2657 1360 2696 7
1379 2655 1623 2712 plenitudo
1647 2656 1779 2712 relig.
1830 2673 1854 2695 νε
1870 2673 1893 2694 *
1910 2658 2003 2714 leg.
2025 2662 2130 2701 F—
2148 2661 2172 2700 8
2193 2604 2374 2702 reddita

404 2709 552 2751 redita
651 2709 931 2766 -imagine
991 2711 1111 2768 nasi]
1142 2726 1207 2750 Η
1234 2710 1337 2753 uasi
1368 2715 1405 2752 F
1423 2735 1475 2743 —
1501 2711 1768 2767 aenigmata
1824 2711 1889 2754 ini
1928 2718 2051 2756 mate
2071 2717 2109 2756 F
2129 2716 2338 2771 enigma‘l

406 2789 455 2796 —
476 2769 501 2806 ⁴.)
524 2766 697 2807 veritas
729 2724 998 2821 inlustratiil
1032 2780 1087 2807 ve
1112 2782 1135 2805 *
1152 2783 1175 2805 *
1200 2772 1303 2807 rata
1329 2769 1366 2807 F
1394 2792 1447 2798 -
1482 2767 1533 2808 10
1563 2767 1719 2823 figura
1751 2728 1924 2825 futuri?
1945 2770 2041 2824 figu
2066 2788 2130 2810 *ue
2161 2773 2198 2812 F
2226 2796 2282 2803 -
2313 2753 2399 2827 per

404 2821 573 2877 legem]
601 2823 637 2861 F
656 2836 742 2862 om.
766 2825 802 2862 B
826 2845 878 2853 —
905 2820 1173 2877 iubebatur]
1206 2821 1383 2877 scripsi,
1409 2822 1584 2865 iubeba
1609 2839 1632 2861 νε
1654 2825 1692 2864 F
1718 2822 1965 2866 videbatur
1986 2828 2024 2866 B
2054 2850 2108 2858 --
2144 2833 2196 2869 ut
2237 2844 2260 2866 *
2288 2828 2325 2868 F
2344 2852 2398 2859 —

404 2877 453 2917 11
481 2878 593 2918 feria
616 2876 718 2933 per]
746 2892 770 2914 *
786 2892 809 2914 ν(
831 2879 869 2917 F
891 2900 940 2908 —
969 2876 1020 2917 12
1043 2877 1329 2934 advenisset]
1355 2878 1465 2920 add.
1491 2882 1529 2919 F
1550 2878 1666 2919 Hinc
1689 2877 1754 2934 (id
1787 2885 1859 2921 est
1874 2879 1951 2937 F2)
1976 2895 2058 2936 sep
2088 2898 2112 2920 ἡ
2134 2882 2198 2923 mi
2221 2883 2396 2925 esimus

404 2946 462 3029 5¹1¹
468 2932 906 3043 ”ES-‘fflaieessffffiffi
927 2932 2401 3045 33221323-322052255&{220‘2‘1322m2f222&231{⁰235‘3¹25'

400 3047 535 3099 pater
557 3043 853 3099 omnipotens
875 3056 961 3099 per
1010 3044 1218 3086 ominum
1240 3051 1458 3088 nostrum
1480 3005 1643 3087 lesum?
1659 3006 1874 3102 Xpistuiii
1896 3051 1934 3090 B
1951 3051 1987 3089 F

2435 2027 2480 2060 10
