2880 5893
398 2031 446 2067 1⁰

401 2485 446 2522 15

398 2942 448 2977 20

476 1085 532 1128 40
1145 1080 1493 1124 TRACTATUS
1525 1080 1803 1125 ORIGENIS

477 1201 616 1268 post
644 1199 892 1246 mortem
929 1207 1095 1244 sacer
1132 1185 1373 1266 sanguis
1403 1185 1529 1243 eius
1559 1207 1691 1243 cum
1722 1187 1849 1243 Deo
1882 1186 2181 1265 colloquia
2225 1188 2471 1245 habuis-

478 1291 589 1338 set.
636 1281 794 1337 Haec
837 1299 983 1360 ergo
1034 1276 1232 1335 cordis
1276 1275 1652 1334 circumcisio
1701 1277 1908 1335 Enoch
1958 1289 2018 1336 et
2062 1280 2189 1336 Deo
2232 1279 2471 1356 placere

478 1370 619 1428 fecit
655 1382 713 1427 et
746 1368 1075 1427 transtulit.
1105 1370 1262 1426 Haec
1291 1378 1352 1425 et
1381 1367 1445 1425 in
1478 1367 1582 1425 illo
1613 1368 1819 1425 mundi
1850 1369 2162 1449 naufragio
2179 1372 2304 1429 Noe
2334 1392 2472 1428 cus-

476 1458 691 1520 todivit
717 1472 776 1518 et
807 1459 1179 1540 gubernavit.
1220 1461 1376 1516 Haec
1412 1471 1502 1516 est
1535 1480 1686 1536 quae
1725 1460 1892 1539 signa
1924 1461 2131 1540 gessit,
2161 1480 2309 1538 quae
2345 1460 2469 1519 vir-

476 1563 633 1611 tutes
677 1550 964 1620 exercuit,
1003 1572 1155 1630 quae
1204 1562 1472 1608 naturam
1516 1549 1667 1632 legis
1725 1551 2101 1629 permutavit,
2141 1551 2309 1609 cuius
2353 1552 2471 1609 vim

479 1643 773 1722 propheta
816 1642 1202 1700 considerans
1243 1640 1588 1699 exclamavit
1625 1664 1636 1697 ε
1684 1643 1883 1698 Iustus
1917 1663 1992 1699 esc
2026 1642 2147 1719 fide
2183 1643 2379 1713 νὶνὶτί,
2416 1655 2474 1700 et

480 1734 631 1792 alius
668 1735 962 1812 propheta
1005 1755 1017 1789 τ
1059 1733 1195 1792 Nisi
1219 1734 1608 1800 credideritis,
1641 1731 1859 1810 inquit,
1898 1754 2015 1791 non
2058 1735 2403 1814 intellegetis
2425 1735 2468 1792 2.

479 1828 661 1895 Haec,
679 1824 942 1904 inquam,
966 1823 1340 1882 circumcisio
1362 1823 1421 1880 in
1448 1845 1684 1881 currum
1706 1823 1947 1903 igneum
1979 1847 2255 1905 magnum
2273 1826 2476 1904 posuit

483 1917 868 1976 Eliam.Haec
898 1915 1114 1974 Elisaei
1135 1915 1372 1973 ossibus
1401 1914 1699 1972 concessit
1717 1927 1989 1973 contactu
2021 1935 2198 1992 posse
2218 1917 2474 1976 reddere

480 2009 659 2067 vitam
693 2007 980 2087 proiectis
1018 2029 1196 2085 super
1229 2028 1290 2064 se
1331 2006 1719 2064 cadaveribus
1759 2018 2149 2065 mortuorum.
2191 2010 2347 2067 Haec
2376 2008 2475 2066 he-

483 2102 693 2158 braeos
720 2099 1130 2156 adulescentes
1163 2097 1405 2180 ignibus
1437 2096 1576 2154 fecit
1615 2097 1931 2175 imperare.
1970 2100 2129 2156 Haec
2160 2097 2219 2157 in
2263 2101 2475 2158 Daniel

483 2202 543 2249 et
573 2190 645 2247 de
682 2201 889 2247 natura
925 2201 984 2247 et
1014 2189 1087 2247 de
1126 2190 1273 2246 fame
1295 2189 1569 2246 leonibus
1606 2187 1832 2245 rabidis
1864 2210 2070 2267 pacem
2095 2189 2290 2266 potuit
2323 2189 2475 2247 indi-

482 2303 637 2340 cere.
671 2283 827 2338 Haec
864 2293 973 2350 est,
1019 2279 1280 2358 inquam,
1333 2301 1467 2336 vera
1506 2290 1565 2336 et
1601 2279 1868 2359 legitima
1903 2280 2278 2338 circumcisio
2308 2280 2471 2351 fidei,

482 2393 595 2451 qua
628 2371 825 2429 cordis
854 2371 989 2429 vitia
1012 2382 1414 2449 amputantur,
1444 2391 1563 2427 non
1590 2392 1706 2448 qua
1730 2370 1927 2428 carnis
1957 2371 2271 2454 integritas
2297 2372 2477 2430 muti-

484 2461 660 2520 latur.
1390 2511 1434 2548 Φ

566 2553 685 2611 Sed
722 2552 856 2631 quia
889 2565 1011 2610 tres
1039 2573 1244 2611 causas
1288 2550 1765 2621 circflmcisionis
1794 2574 1924 2611 esse
1956 2553 2266 2631 proposui,
2298 2575 2477 2611 unam

483 2645 543 2702 in
573 2645 783 2725 figura,
818 2666 990 2723 quam
1033 2656 1097 2701 ut
1135 2644 1302 2723 potui
1342 2655 1420 2714 et,
1467 2655 1634 2723 pum,
1674 2656 1736 2702 ut
1765 2645 1945 2702 debui
1983 2645 2210 2702 caritati
2245 2657 2477 2703 vestrae

484 2734 740 2793 disserui
780 2758 793 2797 τ
833 2736 942 2793 alia
982 2734 1390 2813 subsequitur,
1419 2747 1478 2792 et
1513 2735 1753 2813 quidem
1786 2734 1995 2805 maior,
2034 2757 2185 2813 quae
2222 2736 2480 2818 signavit

484 2848 701 2906 corpus
728 2826 1074 2884 in'vulnere.
1107 2826 1370 2884 Proinde
1388 2848 1635 2884 necesse
1665 2838 1755 2885 est
1775 2839 1833 2885 et
1851 2828 2004 2884 hanc
2036 2827 2313 2908 diligenti
2338 2850 2480 2885 cura

484 2928 759 2976 tractare.

565 3011 712 3068 Cum
742 3010 898 3067 enim
931 3009 1230 3067 Abraham
1259 3009 1614 3067 credidisset
1641 3012 1767 3068 Deo
1800 3021 1859 3068 et
1887 3010 2157 3068 subolem
2185 3010 2302 3068 sibi
2337 3032 2480 3089 pro-

489 3100 727 3157 missam
765 3100 1088 3158 liberorum
1127 3122 1156 3157 a
1187 3103 1312 3157 Deo
1341 3114 1687 3178 exspectare
1722 3101 1990 3168 deberet,
2022 3101 2123 3158 ille
2162 3101 2481 3180 impatiens

489 3213 685 3250 morae
725 3204 782 3250 et
824 3191 1028 3251 avidus
1075 3192 1415 3270 praedictae
1463 3192 1579 3249 sibi
1613 3192 1937 3263 felicitatis,
1979 3193 2247 3251 consiliis
2296 3196 2477 3253 Sarae

542 3355 582 3397 1.
616 3355 735 3397 ΗΑΒ.
756 3355 814 3405 11,
839 3355 879 3397 4.

543 3411 585 3455 2.
618 3408 938 3468 intellegetifl?

543 3586 564 3627 1
586 3598 719 3627 sacer
742 3584 935 3640 sanguis
965 3584 1084 3642 eius]
1112 3586 1176 3626 F2
1201 3585 1445 3642 sanguinis
1474 3586 1595 3628 sacri
1620 3589 1659 3627 B
1683 3586 1805 3628 sacri
1829 3586 2072 3643 sanguinis
2094 3589 2133 3628 F
2150 3612 2205 3619 —
2225 3584 2480 3646 colloquia]

484 3642 602 3683 ΒΝ
637 3641 855 3697 culoquia
875 3643 915 3682 F
938 3665 996 3673 —
1022 3642 1047 3683 2
1085 3641 1259 3698 Enoch]
1291 3645 1329 3683 Β
1350 3642 1414 3683 F2
1445 3642 1493 3683 in
1522 3642 1611 3684 hoc
1640 3644 1750 3683 F—
1773 3642 1957 3698 placere
2009 3647 2048 3684 B
2068 3644 2132 3684 F2
2164 3644 2353 3700 placare
2372 3647 2486 3686 F—

485 3698 646 3754 4quae
669 3696 823 3753 signa]
848 3697 956 3738 ΒΝ
980 3696 1116 3752 signa
1135 3712 1254 3754 quae
1276 3698 1412 3755 signa
1434 3700 1537 3739 F—
1556 3701 1582 3739 5
1603 3698 1840 3755 naturam]
1866 3701 1960 3740 BF
1995 3704 2161 3741 natura
2183 3702 2486 3755 F—permu-

485 3753 606 3795 tavit
659 3766 756 3794 sem
793 3765 844 3794 er
869 3753 1068 3794 mutavit
1086 3754 1126 3794 F
1142 3778 1198 3785 —
1220 3755 1247 3794 6
1268 3753 1399 3802 vivit,
1425 3753 1486 3810 et]
1514 3770 1538 3793 ,ι
1558 3770 1582 3793 *
1604 3755 1711 3794 F--
1733 3756 1756 3794 7
1779 3754 2045 3797 credideriti
2077 3772 2102 3795 *
2116 3772 2141 3795 ,ι
2158 3771 2183 3794 *
2203 3756 2427 3812 tellegitis
2449 3758 2489 3796 F

487 3808 600 3865 (inte
623 3808 706 3865 lig.
729 3767 789 3865 135
808 3809 900 3849 —8
922 3808 1132 3864 inquam]
1158 3808 1270 3850 add.
1291 3809 1400 3850 fidei
1417 3811 1520 3850 F—
1540 3809 1754 3866 circum]
1779 3810 1849 3852 cir
1871 3826 1894 3849 *
1915 3812 2023 3851 F—
2044 3825 2266 3867 magnum
2312 3811 2426 3855 add.
2450 3814 2490 3853 F

488 3879 625 3906 suum
646 3888 701 3896 ——
722 3862 898 3920 posuit]
923 3862 1004 3919 inp
1028 3881 1052 3904 ιν
1075 3865 1113 3904 F
1133 3889 1188 3894 —
1210 3867 1236 3905 9
1260 3864 1426 3921 Eliam]
1451 3865 1627 3921 scripsi,
1656 3865 1733 3907 hel
1767 3880 1842 3906 am
1859 3869 1898 3907 Β
1922 3883 1945 3905 *
1968 3869 2073 3907 F—
2095 3867 2234 3924 Haec]
2305 3882 2357 3909 ac
2374 3870 2413 3908 F
2429 3892 2486 3899 ——

488 3919 680 3976 Elisaei]
713 3918 891 3975 scripsi,
923 3919 1087 3984 helisei
1110 3922 1148 3961 Β
1175 3921 1336 3985 aelisei
1365 3923 1404 3962 F
1432 3945 1489 3953 —-
1521 3881 1763 3977 contactu]
1785 3921 1949 3977 scripsi
1960 3953 1969 3971 ‚
1995 3937 2100 3964 cum
2121 3928 2249 3965 tactu
2270 3927 2308 3965 B
2337 3938 2423 3965 om.
2450 3925 2490 3964 F

485 3999 543 4073 fi
560 3989 717 4087 3255?
734 3973 945 4072 :3332‘3
960 3975 1150 4073 Fvssffii
1161 3981 1284 4072 3222
1302 3993 1357 4062 L
1371 3990 1510 4089 ¹353?
1528 3977 1806 4082 0523.‘³1?‚Z¹¹¹
1818 3978 2025 4074 3302ss
2047 3977 2488 4090 xxiiiazssrz

489 4086 685 4129 evanuit.
710 4109 768 4117 —
792 4084 954 4128 Daniel
1008 4089 1046 4127 F
1072 4085 1228 4128 daniel
1252 4101 1276 4129 e
1302 4090 1340 4129 B
1361 4113 1417 4119 -—
1435 4088 1486 4129 12
1508 4093 1554 4130 et
1579 4088 1635 4131 de
1659 4088 1845 4145 natura]
1874 4105 1897 4128 *
1918 4105 1941 4128 *
1962 4106 1986 4129 *
2012 4094 2119 4130 tura
2145 4092 2183 4131 F
2203 4115 2259 4122 —
2286 4090 2426 4146 fame]
2449 4093 2490 4132 F

490 4143 623 4185 fauce
644 4145 683 4184 B
700 4166 757 4173 —
778 4140 956 4183 rabidis
1003 4141 1184 4197 rapidis
1211 4144 1250 4182 F
1270 4168 1326 4174 —
1347 4144 1527 4200 pacem]
1553 4160 1575 4181 *
1598 4146 1637 4185 F
1654 4168 1709 4175 -
1730 4144 1953 4201 indicere]
1983 4146 2051 4185 1⁸2
2078 4144 2286 4188 indicare
2307 4149 2346 4187 B
2366 4148 2406 4187 F
2431 4171 2488 4178 —

490 4198 542 4239 13
570 4211 680 4241 vera
703 4197 765 4253 ct]
793 4214 816 4236 *
834 4214 857 4236 ιν
879 4198 917 4238 F
934 4222 991 4228 —
1011 4196 1324 4254 circumcisio]
1359 4198 1678 4241 circumcissio
1701 4201 1739 4240 F
1758 4224 1807 4232 —
1829 4200 1881 4241 14
1905 4200 2014 4257 qua]
2045 4216 2162 4256 quae
2179 4204 2288 4242 F—
2308 4201 2463 4243 cordis

490 4267 571 4295 cor
593 4270 617 4293 *
635 4255 744 4294 F—
760 4252 807 4295 in
830 4270 855 4293 «κ
880 4257 953 4294 tas
977 4253 1143 4294 F-—16
1163 4267 1301 4295 cause
1325 4271 1348 4292 *
1372 4254 1673 4296 cumcisionis
1696 4257 1734 4296 F
1752 4280 1807 4287 —
1829 4256 1988 4321 unam]
2011 4271 2099 4297 una
2120 4259 2158 4298 F
2174 4282 2229 4289 —
2252 4257 2301 4298 17
2322 4202 2483 4313 quaml

492 4308 604 4352 add.
628 4309 722 4351 iam
744 4311 782 4349 F
799 4333 856 4340 -—
874 4308 925 4350 18
953 4308 1160 4365 quidem]
1187 4308 1379 4364 quidam
1406 4312 1445 4351 F
1474 4309 1707 4367 (quidaem
1739 4311 1827 4367 F2)
1856 4336 1911 4343 —
1942 4312 2165 4369 signavit]
2196 4312 2431 4368 sicgnavit
2450 4315 2490 4354 F

490 4390 546 4397 -
572 4366 625 4406 19
647 4363 733 4420 est]
759 4365 798 4405 F
823 4363 947 4405 solu-s
966 4388 1022 4395 —-
1043 4363 1256 4420 diligenti
1288 4365 1420 4422 cura]
1454 4368 1491 4407 F
1517 4365 1790 4421 diligentius
1813 4370 1852 4408 B
1875 4392 1932 4398 —
1956 4368 2004 4408 21
2043 4368 2274 4424 subolem]
2306 4368 2484 4424 scripsi,

493 4419 596 4463 sob.
618 4423 657 4461 B
685 4420 753 4461 F2
780 4418 1061 4462 sumbbilem
1083 4423 1123 4461 F
1147 4444 1204 4451 -—
1224 4419 1334 4477 sihi]
1353 4424 1460 4476 posi
1490 4435 1639 4477 prom.
1666 4424 1705 4463 F
1721 4447 1778 4454 —·
1806 4424 1858 4464 22
1879 4422 2157 4480 liberorum]
2189 4427 2228 4465 B
2246 4424 2313 4465 F3
2335 4423 2485 4466 libro-

492 4489 597 4519 rum
614 4478 653 4517 F
669 4499 725 4508 —
742 4489 769 4517 a
792 4474 904 4532 Deo]
930 4475 1024 4518 hab
1047 4474 1124 4530 (ab
1147 4475 1234 4532 F2)
1259 4474 1364 4532 ipso
1386 4479 1424 4518 F
1440 4501 1494 4509 —
1514 4477 1682 4534 impa.]
1705 4477 1880 4534 scripsi,
1906 4478 2034 4534 inpa.
2058 4482 2095 4520 B
2111 4480 2280 4520 F-23
2301 4479 2482 4536 morae]

493 4530 669 4588 scripsi,
695 4544 824 4574 more
841 4533 880 4575 Β
901 4533 941 4573 F
956 4555 1012 4564 —
1034 4529 1264 4589 consiliis]
1289 4531 1401 4575 add.
1427 4547 1475 4575 se
1492 4535 1531 4576 F
