2880 5893
235 1064 265 1093 x
1011 1049 1449 1095 PROLE'GOMENA

1219 1177 1246 1208 ιιι

1193 1226 1272 1259 *ss

314 1330 653 1410 Scriptores
685 1328 940 1409 antiqui,
963 1350 1098 1388 cum
1121 1328 1467 1408 paucissimi
1493 1329 1615 1386 sint
1643 1329 1745 1409 qui
1765 1341 2052 1386 tractatus
2097 1350 2230 1387 nos-

230 1447 357 1492 tros
391 1433 672 1514 legerint,
725 1454 935 1511 parum
987 1432 1206 1491 editori
1263 1432 1599 1491 conferunt.
1657 1432 1953 1491 Nonnulla
2005 1433 2228 1511 reperi,

231 1548 367 1617 post
407 1536 693 1608 Pitram1,
757 1536 820 1593 in
859 1536 1154 1617 glossario
1194 1536 1355 1616 quod
1398 1536 1619 1593 dicitur
1658 1536 1995 1607 Ansileubi,
2036 1536 2230 1616 quod·

234 1662 348 1720 que
377 1640 437 1697 in
476 1639 685 1697 codice
715 1639 1084 1697 lombardico
1110 1638 1266 1699 v111³
1299 1640 1387 1697 vel
1412 1638 1509 1697 IXi
1553 1639 1775 1697 saeculi
1818 1639 2066 1697 Parisiis
2105 1661 2232 1697 ser-

232 1742 501 1823 vatur(B.
532 1744 606 1801 N.
628 1743 707 1803 N.
739 1743 809 1800 F.
838 1742 1359 1820 L.11529-11530)
1386 1766 1398 1800 :
1431 1742 1532 1800 illa
1565 1744 1902 1800 exscribere
1923 1744 2179 1800 interest
2214 1766 2227 1800 :

452 1892 591 1936 11529
618 1893 717 1937 Fol.
740 1894 793 1936 45
816 1892 876 1952 ν’]
909 1891 1205 1937 ORIGENIS.
1238 1893 1482 1949 Butyrum.
1515 1893 1582 1936 Ex
1604 1892 1881 1936 animalium
1900 1894 2021 1935 lacte
2043 1892 2233 1950 colligi-

399 1977 477 2015 tur
520 1986 806 2029 quamquam
868 1977 1026 2016 autem
1075 1972 1138 2014 sit
1180 1972 1316 2015 lactis
1367 1977 1536 2016 natura
1576 1977 1732 2015 tamen
1777 1972 1873 2015 iam
1924 1972 2148 2029 pinguior
2186 1977 2232 2015 et

399 2051 605 2095 crassior
630 2056 677 2095 et
694 2051 890 2095 solidior
909 2052 1108 2095 materia
1132 2056 1221 2095 est.
1252 2051 1388 2106 Quod
1414 2057 1571 2094 tamen
1603 2056 1684 2094 aut
1714 2052 1945 2108 frequenti
1978 2051 2233 2108 agitatione

401 2135 482 2173 aut
518 2130 825 2174 concussione
859 2131 1052 2174 assidua
1085 2130 1263 2174 cohibit
1283 2130 1331 2173 in
1355 2145 1403 2174 se
1427 2135 1564 2187 atque
1604 2130 1851 2175 solidatur.
1885 2131 2091 2187 Denique
2126 2144 2234 2173 cum

402 2210 456 2252 fit
497 2224 655 2253 serum
689 2209 746 2253 de
789 2210 911 2253 lacte
955 2214 1204 2266 separatur
1236 2214 1283 2253 et
1312 2210 1481 2253 oleum.

458 2290 595 2331 11529
621 2289 717 2332 Fol.
742 2290 796 2331 63
824 2289 884 2347 ν’]
916 2288 1212 2333 ORIGENIS.
1238 2289 1440 2332 Coccum
1461 2303 1598 2346 grece
1621 2303 1707 2333 nos
1730 2289 1930 2332 rubrum
1953 2303 2035 2332 seu
2057 2290 2233 2332 vermi-

401 2370 560 2411 culum
581 2368 781 2412 dicimus
804 2382 1092 2425 quamquam
1123 2374 1282 2412 autem
1317 2383 1409 2412 una
1441 2369 1503 2411 sit
1532 2369 1632 2412 coci
1658 2374 1703 2412 et
1728 2382 1936 2426 purpure
1964 2367 2162 2412 materia
2180 2369 2229 2412 id

403 2454 476 2492 est
495 2448 605 2490 lana
633 2461 804 2504 magna
835 2453 992 2490 tamen
1023 2447 1248 2491 distantia
1275 2453 1348 2491 est
1379 2448 1504 2492 inter
1532 2462 1723 2491 coccum
1754 2454 1800 2491 et
1828 2462 2104 2504 purporam.
2137 2448 2227 2491 Nec

399 2515 524 2570 enim
564 2541 774 2584 purpura
817 2527 909 2570 tale
951 2527 1109 2570 lumen
1142 2526 1422 2570 inluminata
1472 2533 1523 2570 ut
1559 2533 1689 2570 tanto
1733 2527 1983 2585 splendore
2019 2528 2234 2583 prevalet

406 2606 517 2649 lieet
559 2604 780 2649 ruborem
817 2612 865 2649 et
907 2606 1015 2662 ipsa
1057 2606 1333 2649 commodet.
1361 2606 1451 2649 Sed
1494 2606 1533 2649 si
1575 2607 1701 2650 cocci
1745 2608 1971 2650 muricem
2015 2606 2234 2649 sublebes

404 2686 581 2728 relucet
601 2685 754 2727 elebat
776 2686 926 2742 fulget
947 2689 991 2728 et
1011 2699 1120 2728 cum
1140 2685 1204 2727 sit
1232 2689 1283 2727 ut
1308 2685 1404 2727 dixi
1426 2700 1518 2728 unu
1540 2685 1740 2729 materia
1769 2686 1815 2727 id
1842 2691 1914 2728 est
1943 2686 2053 2727 lana
2075 2691 2235 2727 tamen

405 2770 456 2808 ut
476 2765 562 2807 hec
580 2764 866 2821 pulcerrima
887 2765 943 2806 de
965 2765 1122 2806 colore
1143 2764 1209 2806 ita
1231 2769 1277 2806 et
1297 2764 1380 2806 illa
1396 2765 1454 2807 de
1474 2765 1625 2807 nitore
1648 2765 1915 2808 sublimior.

461 2843 597 2886 11530
633 2843 729 2885 Fol.
767 2844 846 2886 217
880 2843 940 2901 ν’]
982 2844 1261 2887 ORIGENIS
1299 2844 1357 2886 IN
1405 2844 1801 2888 EXPOSITIONE
1841 2844 2037 2887 Exonl.
2078 2844 2233 2887 Tibin.

404 2923 561 2967 Genus
582 2929 654 2966 est
675 2923 858 2966 vasculi
879 2923 925 2965 in
949 2923 1140 2966 modum
1169 2924 1330 2966 scrinii
1359 2938 1414 2966 ex
1435 2924 1657 2981 virgultis
1680 2924 1948 2981 agrestibus
1971 2928 2149 2967 textum
2175 2924 2231 2966 de

405 3003 560 3059 quoin
573 3003 731 3046 Exodo
756 3003 929 3045 dicitur
954 3004 1157 3061 sumpsit
1171 3009 1328 3047 autem
1339 3004 1648 3061 materMoysi
1658 3004 1998 3047 tibinetlinivit
2008 3018 2112 3047 eam
2132 3004 2235 3061 pice

407 3088 453 3125 et
484 3082 713 3125 bitumine
733 3087 781 3126 et
809 3083 939 3125 misit
959 3083 1186 3125 infantem
1211 3083 1260 3125 in
1282 3098 1334 3125 ea
1365 3088 1411 3126 et
1432 3084 1593 3140 posuit
1618 3098 1723 3126 eam
1752 3084 1811 3126 ad
1834 3085 1988 3140 ripam
2011 3083 2234 3125 fluminis.

407 3162 505 3204 Hoc
526 3168 683 3205 autem
700 3163 946 3204 vasculum
968 3176 1022 3205 ex
1050 3162 1224 3205 hebrea
1250 3162 1414 3220 lingua
1435 3162 1515 3205 alii
1534 3177 1730 3220 capsam
1754 3163 1835 3206 alii
1854 3163 2075 3205 cistulam
2093 3162 2238 3204 inter-

407 3241 582 3298 pretati
616 3246 738 3284 sunt.
772 3241 907 3292 Quod
939 3256 1028 3285 nos
1062 3242 1330 3299 expressius
1350 3247 1402 3284 ut
1433 3241 1530 3284 iam
1559 3242 1653 3284 dixi
1687 3242 1911 3285 scrinium
1934 3243 2233 3300 appellamus

408 3321 518 3376 quia
554 3320 654 3363 illic
683 3322 964 3377 plerumque
994 3321 1150 3364 omnia
1181 3323 1335 3364 solent
1365 3323 1542 3378 scripta
1572 3322 1754 3378 reponi.
1796 3322 2002 3377 Denique
2030 3322 2121 3364 hoc
2150 3336 2235 3364 vas

408 3413 465 3443 ex
500 3399 661 3444 multis
690 3400 910 3457 virgultis
950 3399 1246 3444 silvestribus
1276 3401 1324 3444 in
1367 3402 1546 3444 unitate
1583 3401 1656 3444 sui
1697 3401 1957 3444 contexitur
1996 3401 2045 3444 in
2074 3402 2239 3458 lingua

409 3479 602 3536 egyptia
632 3479 843 3523 muarius
872 3493 1051 3523 merses
1073 3479 1260 3523 dicitur.
1561 3473 1562 3476 ¹

324 3622 567 3679 Praeter
595 3621 756 3678 hunc
793 3620 1184 3679 Ansileubum
1219 3620 1522 3700 (quisquis
1557 3622 1608 3678 is
1636 3623 1769 3698 est),
1809 3633 1972 3678 certo
2015 3623 2235 3679 certius

246 3736 337 3782 est
374 3735 657 3782 tractatus
685 3737 923 3782 nostros
957 3723 1293 3782 innotuisse
1334 3723 1567 3782 Isidoro
1602 3724 1955 3802 hispalensi,
2001 3726 2238 3784 saeculo

241 3827 499 3906 septimo
535 3827 803 3898 ineunte,
835 3826 1244 3886 conscribenti
1283 3827 1672 3905 Quaestiones
1720 3833 1778 3885 in
1826 3829 1995 3886 Vetus
2036 3829 2237 3886 Testa-

246 3945 528 3989 mentum.
559 3933 647 3988 Ex
677 3931 898 3988 nostris
937 3930 1291 3989 tractatibus
1330 3930 1484 3989 enim
1533 3930 1907 4009 deprompsit
1953 3930 2237 4010 pleraque

249 4033 321 4093 de
356 4035 549 4091 tribus
588 4033 731 4091 viris
777 4035 878 4114 qui
922 4035 1197 4092 Abrahae
1242 4055 1571 4114 apparuere
1617 4033 1689 4091 ad
1730 4033 1927 4091 ilicem
1970 4034 2236 4093 Mambre

250 4140 337 4217 (In
378 4137 520 4195 Gen.
561 4139 716 4207 XIV,
755 4137 937 4212 4-13),
970 4136 1044 4196 de
1072 4138 1230 4219 Agar
1259 4137 1443 4194 eiecta
1477 4139 1681 4214 (XVII,
1718 4136 1863 4213 1-7),
1889 4136 1960 4194 de
1990 4137 2238 4195 historia

247 4241 465 4317 Ioseph
491 4242 694 4318 (XXX,
730 4239 945 4317 10-20),
987 4240 1058 4297 de
1098 4241 1494 4298 masculorum
1520 4262 1665 4298 nece
1697 4242 1785 4320 (In
1808 4242 2003 4299 Exod.
2029 4243 2128 4312 IV,
2157 4242 2236 4320 1),

306 4487 345 4528 1.
374 4487 663 4544 Spt'ct'legium
690 4464 974 4544 adamasse,
995 4493 1029 4529 t.
1064 4488 1130 4530 111
1153 4487 1321 4544 (Pax-is,
1348 4488 1491 4545 1855),
1517 4503 1564 4544 p.
1586 4489 1786 4531 395·396.
