2880 5893
445 2749 491 2785 20

448 3205 495 3242 15

524 1085 607 1129 200
1192 1083 1540 1135 TRACTATUS
1570 1085 1851 1136 ORIGENIS

1398 1574 1650 1687 [XIX]

604 1997 789 2056 Sileat
814 2001 1003 2055 omnis
1028 2019 1172 2055 caro
1206 2019 1245 2053 a
1274 1999 1436 2078 facie
1463 1998 1722 2067 Domini,
1761 2001 2043 2078 quoniam
2076 2000 2418 2056 exsurrexit
2448 1999 2521 2056 de

524 2089 779 2147 nubibus
829 2094 1052 2149 sanctis
1103 2094 1248 2148 suis.
1300 2089 1380 2145 Et
1434 2088 1684 2147 ostendit
1748 2088 1895 2146 milti
1945 2091 2231 2148 Dominus
2288 2092 2507 2160 Iesum,

524 2182 887 2239 sacerdotem
930 2201 1236 2259 magnum,
1277 2193 1529 2239 stantem
1565 2194 1704 2238 ante
1733 2182 1952 2261 faciem
1986 2182 2247 2252 Domini,
2292 2196 2349 2239 et
2382 2182 2522 2241 dia-

527 2272 693 2330 bolus
724 2272 926 2329 stabat
959 2294 998 2329 a
1031 2272 1256 2330 dextris
1290 2276 1416 2329 eius
1448 2284 1510 2328 ut
1546 2271 1971 2329 adversaretur·
2003 2271 2112 2330 ei1.
2153 2274 2226 2330 Et
2262 2270 2520 2351 reliqua.

606 2365 885 2443 Magnum
915 2374 972 2422 et
1007 2362 1270 2421 divinum
1308 2374 1740 2421 sacramentum
1775 2363 1874 2420 hic
1899 2361 1962 2420 in
1993 2361 2096 2421 illa
2120 2362 2319 2443 typica
2346 2384 2525 2442 prae-

526 2453 882 2535 figuratione
909 2454 1238 2534 prophetae
1265 2466 1569 2511 ostensum
1598 2466 1708 2524 est,
1740 2453 1843 2534 qui
1871 2453 2018 2511 dicit
2046 2453 2162 2512 sibi
2200 2455 2522 2513 revelatum

528 2546 899 2622 sacerdotem
946 2566 1244 2627 magnum,
1279 2557 1360 2616 et,
1403 2566 1476 2603 ne
1520 2545 1583 2603 in
1626 2544 1873 2603 dubium
1914 2543 2147 2605 veniret
2189 2546 2324 2625 quis
2368 2557 2529 2604 esset

528 2637 639 2695 iste
684 2659 934 2718 magnus
982 2637 1283 2707 sacerdoS,
1329 2637 1506 2696 etiam
1546 2649 1605 2694 et
1658 2658 1876 2694 nomen
1928 2637 2223 2715 expressit
2265 2637 2525 2695 dicendo

530 2731 746 2787 Iesum.
787 2732 977 2804 Quem
1019 2740 1216 2787 autem
1264 2749 1542 2811 magnum
1586 2728 1979 2798 sacerdotem,
2021 2727 2262 2787 nomine
2299 2729 2522 2798 Iesum,
2576 2775 2580 2779 .

531 2820 845 2879 Zachariae
896 2820 1151 2878 dicimus
1192 2819 1254 2878 in
1299 2820 1658 2877 revelatione
1703 2820 2135 2877 monstratum?
2167 2822 2381 2880 Utrum
2424 2818 2529 2899 qui

529 2913 645 2969 iam
696 2924 838 2970 tunc
883 2924 1030 2982 erat,
1087 2912 1270 2970 filium
1316 2910 1584 2982 Iosedec,
1644 2932 1718 2969 an
1774 2912 1877 2991 qui
1932 2912 2197 2970 nondum
2255 2922 2524 2981 venerat,

529 3003 853 3081 Xpistum?
898 3003 1201 3062 Revelatio
1240 3004 1396 3061 enim
1432 3023 1733 3082 nunquam
1767 3003 1833 3061 fit
1868 3025 2064 3062 rerum
2098 3001 2530 3082 praesentium,

532 3094 637 3152 sed
676 3094 1030 3156 futurorum.
1075 3096 1220 3153 Nam
1267 3106 1326 3151 et
1365 3115 1515 3173 quae
1558 3115 1735 3153 causa
1777 3108 1904 3154 erat
1947 3106 2012 3154 ut
2053 3095 2419 3153 revelaretur
2466 3094 2530 3152 in

534 3186 718 3266 figura
764 3185 920 3243 filius
963 3186 1229 3255 Iosedec‚
1289 3186 1392 3266 qui
1434 3197 1575 3244 tunc
1618 3207 1906 3266 praesens
1952 3185 2174 3245 cotidie
2222 3186 2284 3244 in
2335 3184 2533 3244 officio

534 3276 933 3335 cernebatur?
969 3276 1089 3335 Sed
1132 3298 1243 3335 nec
1290 3277 1450 3334 hunc
1493 3278 1689 3335 Iesum
1723 3277 1914 3336 filium
1958 3276 2203 3336 Iosedec
2250 3298 2533 3358 magnum

536 3367 902 3425 sacerdotem
945 3368 1237 3447 propheta
1282 3379 1518 3447 poterat
1555 3368 1776 3441 dicere,
1825 3380 1959 3428 ante
2008 3389 2185 3449 quem
2225 3367 2433 3449 magni
2473 3379 2536 3426 et

534 3458 819 3517 inlustres
863 3458 1205 3517 sacerdotes
1251 3458 1513 3531 suerunt,
1564 3473 1627 3518 ut
1667 3460 2095 3531 Melchisedec,
2132 3471 2199 3518 ut
2234 3459 2436 3519 Aaron
2473 3470 2536 3517 et

593 3632 630 3675 1.
666 3633 775 3675 ZAc.
796 3633 857 3683 11,
874 3632 1037 3683 13-111,
1062 3632 1103 3676 1.

596 3808 781 3850 Iuctrrr
812 3808 905 3858 ssd
932 3807 1201 3864 (mcll’ltm'r
1231 3819 1500 3859 sequanum.
1522 3809 1579 3874 B)
1601 3821 1663 3852 mi
1691 3822 1837 3853 meno
1868 3821 2105 3853 mensam
2134 3821 2381 3853 moranni
2413 3807 2458 3867 (ψ
2482 3809 2540 3867 F)

535 3862 747 3919 praemit.
772 3865 862 3905 BF
891 3862 1060 3905 uncial.
1083 3863 1208 3906 rubr.
1233 3888 1289 3896 —
1309 3866 1338 3908 2
1360 3864 1524 3922 Sileat]
1558 3865 1672 3906 ileat
1698 3867 1738 3906 Β
1757 3865 1815 3906 de
1841 3880 1964 3907 more
1989 3889 2048 3898 —
2074 3863 2314 3921 quoniam]
2338 3866 2378 3906 F
2395 3865 2479 3921 qui
2498 3867 2539 3907 B

540 3943 596 3951 —
626 3932 738 3961 exsu
753 3921 829 3960 *F
854 3942 911 3951 -—
931 3919 956 3960 3
980 3918 1152 3976 Iesum]
1187 3918 1364 3976 scripsi,
1395 3920 1585 3962 ihesum
1606 3923 1645 3962 B
1664 3937 1688 3960 ιι
1706 3923 1813 3962 F—
1835 3922 1864 3962 4
1884 3937 1908 3959 νε
1939 3920 2177 3962 eerdotem
2203 3922 2242 3962 F
2269 3943 2320 3953 -
2351 3920 2537 3963 Domini

542 3977 589 4015 et
630 3991 653 4012 *
674 3991 696 4011 *
718 3977 757 4015 F
773 3997 828 4006 --
851 3973 1070 4016 diabulus
1091 3977 1131 4016 F
1155 3998 1210 4006 —
1231 3977 1256 4017 5
1287 3975 1338 4041 a]
1360 3975 1420 4017 ad
1452 3977 1492 4017 B
1519 4001 1577 4009 —
1604 3975 1938 4018 adversaretur
1970 3975 2032 4033 ei]
2065 3989 2286 4018 aversare
2312 3992 2336 4014 ιν
2362 3993 2389 4016 *
2417 3978 2457 4018 F
2483 4000 2542 4009 —-

542 4031 569 4071 6
627 4028 688 4086 ic]
722 4029 915 4081 correxi,
947 4030 1036 4072 hoc
1055 4033 1095 4072 Β
1117 4033 1156 4072 F
1176 4030 1303 4072 —in
1323 4031 1427 4088 illa]
1460 4048 1484 4070 *
1508 4049 1532 4071 ρ
1558 4033 1597 4074 F
1622 4055 1677 4065 -
1707 4032 2123 4090 praefiguratione]
2162 4032 2544 4088 praefiguranda

542 4099 599 4126 ne
625 4087 662 4126 F
681 4108 735 4116 —
757 4087 781 4127 7
806 4084 1084 4142 prophetae]
1112 4089 1153 4128 F
1179 4085 1457 4143 prophetiae
1478 4089 1517 4129 Β
1540 4110 1595 4120 -
1624 4091 1865 4130 ostensum
1888 4092 1961 4129 est
1988 4086 2087 4144 qui]
2121 4093 2277 4130 ostens
2297 4103 2321 4125 *
2341 4104 2364 4126 ψ,
2384 4103 2409 4127 *
2430 4089 2469 4130 F
2484 4112 2543 4121 -

544 4143 569 4182 8
592 4144 637 4182 et
660 4154 716 4181 ne
739 4139 804 4197 in]
827 4154 851 4182 e
866 4156 890 4178 *
908 4157 935 4180 -κ
954 4157 978 4179 *
996 4144 1034 4182 F
1053 4165 1112 4173 --
1131 4142 1290 4184 venire
1315 4144 1353 4184 F
1374 4166 1430 4175 —
1455 4144 1482 4184 9
1502 4142 1609 4200 iste]
1642 4148 1711 4185 ste
1733 4145 1771 4184 F
1798 4168 1852 4175 —
1874 4143 2094 4185 sacerdos
2128 4142 2288 4200 etiam]
2313 4156 2393 4185 sac
2415 4160 2440 4182 *
2458 4159 2483 4183 ψ
2503 4145 2544 4185 F

545 4219 600 4227 -—-
621 4209 788 4237 nomen
822 4195 1071 4253 expressit]
1106 4211 1163 4239 em
1191 4210 1295 4240 men
1327 4198 1477 4254 xpisti
1505 4200 1537 4241 F
1563 4222 1618 4230 —
1648 4198 1862 4256 dicendo]
1900 4197 2105 4241 decendo
2136 4200 2175 4241 F
2196 4223 2253 4230 --
2282 4199 2335 4240 10
2363 4198 2539 4256 Iesum]

545 4250 724 4307 scripsi,
753 4251 936 4294 ihesum
957 4254 996 4292 Β
1010 4254 1048 4293 F
1065 4257 1109 4296 et
1139 4252 1333 4295 subinde
1361 4277 1417 4286 —
1437 4253 1611 4311 autem]
1640 4256 1679 4297 F
1698 4254 1843 4296 alium
1859 4257 1899 4297 Β
1921 4279 1978 4286 -
2000 4254 2047 4296 11
2072 4253 2194 4296 Zach
2212 4270 2237 4292 *
2256 4269 2281 4293 α
2299 4267 2404 4297 mus
2428 4256 2469 4295 F
2484 4277 2543 4286 —-—

546 4312 703 4349 utrum
758 4307 805 4349 ui
827 4307 923 4349 iam
942 4307 1072 4364 tunc]
1091 4324 1115 4346 ψ
1133 4324 1157 4346 *
1173 4324 1197 4346 *
1217 4324 1241 4346 *
1262 4311 1365 4350 F—
1379 4309 1431 4351 12
1446 4314 1639 4352 venerat
1658 4309 1892 4367 Xpistum]
1915 4326 1939 4348 *
1960 4312 2035 4351 *F
2048 4333 2104 4341 —
2122 4310 2176 4351 13
2195 4309 2535 4367 praesentium]

546 4379 570 4401 *
592 4364 631 4402 F
654 4387 710 4393 —
768 4364 795 4404 4
819 4376 963 4405 causa
993 4368 1094 4405 erat
1119 4363 1188 4420 ut]
1206 4380 1231 4402 ψ
1250 4379 1274 4401 *
1293 4381 1319 4403 -ιι
1336 4367 1375 4405 F
1391 4388 1448 4397 —
1476 4364 1787 4422 revelaretur]
1819 4365 2051 4407 reveletur
2077 4366 2117 4406 F
2140 4389 2198 4397 —
2225 4364 2279 4406 15
2312 4364 2394 4421 qui
2426 4369 2538 4407 tunc

546 4416 788 4474 praesens]
810 4433 835 4457 *
856 4434 880 4457 *
899 4433 923 4457 ἡ
948 4432 1054 4459 sens
1080 4421 1119 4459 F
1142 4441 1198 4450 -
1219 4419 1408 4477 cotidie]
1434 4434 1526 4476 quo
1552 4419 1667 4463 tidie
1693 4424 1733 4463 F
1748 4444 1804 4453 —
1827 4421 1879 4463 16
1904 4420 2183 4464 cernebatur
2203 4418 2285 4464 sed
2306 4419 2409 4477 nec]
2434 4434 2538 4463 cer-

548 4471 689 4514 nebat
706 4488 730 4511 *
748 4489 773 4512 *
788 4488 812 4511 *
830 4476 869 4514 F
885 4496 942 4505 —
966 4472 1019 4516 17
1046 4487 1180 4516 sacer
1196 4490 1220 4512 *
1244 4490 1268 4512 α
1288 4480 1337 4517 ta
1360 4478 1399 4518 F
1413 4499 1472 4508 --
1491 4476 1649 4533 quem]
1679 4490 1822 4532 quam
1844 4479 1883 4518 F
1904 4500 1961 4509 --·
1989 4480 2039 4518 et
2067 4474 2313 4532 inlustres]
2330 4492 2355 4515 *
2375 4492 2400 4515 *
2420 4478 2461 4517 F
2484 4499 2535 4508 —

548 4528 600 4569 18
621 4527 926 4572 Meleisedech
946 4531 987 4570 F
1003 4551 1058 4561 -—-
1077 4529 1251 4587 Aaron]
1274 4546 1298 4568 ψ
1319 4533 1357 4572 F
