2880 5893
477 1560 500 1594 5

452 2015 498 2048 10

452 2469 497 2504 15

445 2924 495 2959 26)

536 1070 591 1111 64
1200 1066 1549 1110 TRAGTATUS
1582 1066 1862 1110 ORIGENIS

539 1172 613 1229 de
646 1192 762 1250 quo
785 1182 843 1228 et
878 1169 1020 1227 alibi
1049 1170 1130 1227 ait
1169 1192 1181 1226 :
1228 1170 1556 1249 Asper-gam
1586 1193 1685 1228 vos
1716 1193 1880 1250 aqua
1927 1171 2150 1227 munda
2180 1185 2236 1230 et
2275 1174 2530 1231 munda-

541 1262 786 1321 himini1
827 1284 840 1316 ε
891 1262 1027 1340 quia
1085 1260 1142 1318 in
1195 1273 1562 1319 sacramento
1614 1261 1988 1338 baptismatis
2043 1259 2239 1321 omnia
2289 1279 2530 1341 peccata

540 1354 853 1431 omniaque
883 1352 1129 1410 crimina
1163 1352 1568 1410 remittuntur.
1602 1353 1873 1430 Denique
1906 1345 2126 1411 adiecit
2164 1376 2177 1412 τ
2221 1356 2299 1412 Et
2324 1360 2381 1412 si
2396 1357 2533 1435 fue-

540 1448 658 1504 rint
678 1458 932 1522 peccata
969 1456 1163 1501 vestra
1209 1456 1270 1499 ut
1309 1444 1614 1523 senio-ium,
1659 1448 1811 1500 sicut
1857 1448 2043 1501 nivem
2084 1445 2374 1504 dealbabo
2416 1470 2428 1504 ι
2482 1453 2538 1505 si

537 1549 734 1593 autem
785 1550 846 1593 ut
883 1539 1204 1604 coccinum,
1250 1548 1535 1613 tanquam
1576 1534 1779 1591 lanam
1828 1535 1971 1591 alba
2028 1535 2283 1614 efficiam
2310 1538 2354 1599 2.
2410 1538 2532 1596 Sed

540 1626 685 1706 quid
751 1639 841 1683 est
894 1625 1177 1682 fenicium
1233 1632 1292 1683 et
1351 1624 1496 1703 quid
1544 1638 1635 1681 est
1685 1624 2041 1682 coccinum?
2089 1629 2337 1684 Peccata
2393 1641 2532 1687 sunt

538 1719 697 1776 enim
735 1728 796 1775 ut
842 1716 1143 1785 fenicium,
1191 1736 1340 1794 quae
1377 1715 1450 1772 de
1499 1716 1930 1793 prophetarum
1971 1718 2262 1799 sanguine
2306 1719 2528 1777 infecta

539 1821 695 1879 sunt,
729 1819 795 1865 ut
827 1807 1137 1864 coccinum
1172 1828 1333 1877 vem,
1365 1806 1467 1864 illa
1499 1806 1717 1864 delicta
1752 1828 1902 1885 quae
1940 1807 2011 1864 de
2042 1808 2306 1886 pretioso
2334 1810 2532 1888 Xpisti

538 1900 828 1980 sanguine
868 1900 1051 1956 tincta
1098 1911 1256 1968 sunt,
1300 1896 1438 1976 quia
1471 1910 1757 1976 quantum
1786 1896 1968 1955 distat
2004 1899 2306 1970 semeiam,
2337 1900 2400 1958 id
2443 1914 2533 1959 est

538 1991 868 2059 miniatum,
901 2011 931 2047 a
969 1988 1236 2058 coccinn,
1276 2000 1503 2046 tantum
1539 1988 1792 2046 interest
1827 2010 1858 2046 a
1898 1988 2096 2066 Xpisti
2143 1992 2434 2072 sanguine
2472 2005 2531 2050 et

536 2082 985 2159 prophetarum.
1023 2081 1255 2151 Quanta
1295 2079 1452 2136 enim
1485 2079 1698 2157 pictae,
1731 2093 1951 2158 quanta
1986 2080 2304 2139 clementia
2333 2083 2444 2140 Dei
2472 2096 2531 2141 et

539 2171 863 2231 Salvatoris
899 2170 1089 2228 nostri
1124 2183 1188 2228 ut
1227 2182 1284 2227 et
1319 2169 1481 2248 ipsos
1523 2169 1936 2227 interfectores
1969 2192 2130 2241 suOS,
2163 2172 2213 2229 si
2258 2174 2530 2231 conversi

536 2262 905 2321 crediderint
943 2274 1001 2319 et
1045 2262 1331 2319 factorum
1374 2282 1615 2318 suorum
1660 2262 2089 2338 paenitentiam
2142 2263 2395 2343 egerint,
2456 2265 2529 2321 ab

535 2354 696 2413 omni
733 2352 952 2410 delicto
998 2374 1104 2430 per
1148 2350 1523 2430 baptismatis
1568 2352 1818 2430 gratiam
1864 2351 2146 2433 dignetur
2182 2354 2523 2413 absolvere!

615 2445 737 2504 Sed
764 2444 955 2502 adhuc
991 2443 1209 2500 adiecit
1243 2465 1253 2499 :
1285 2443 1639 2500 Maledictus
1661 2445 1837 2522 furor
1863 2463 2062 2501 eorum
2107 2450 2250 2524 quia
2293 2446 2521 2518 audax,

534 2550 589 2595 et
621 2541 717 2594 ira
762 2555 965 2593 eorum
1021 2538 1163 2614 quia
1206 2535 1381 2590 dura.
1442 2535 1611 2590 Hunc
1651 2555 1795 2613 ergo
1840 2533 2219 2592 maledictum
2266 2536 2528 2594 furorem

534 2648 741 2686 eorum
769 2637 827 2682 et
852 2625 1135 2682 audacem
1163 2624 1312 2682 iram
1349 2645 1554 2681 eorum
1592 2637 1651 2680 et
1692 2624 2044 2682 obduratam
2081 2625 2370 2684 instinctu
2408 2628 2529 2685 dia·

533 2717 731 2775 bolico
765 2716 838 2774 ad
873 2727 1101 2773 tantum
1139 2715 1367 2772 facinus
1410 2715 1878 2791 perpetrandum
1934 2717 2231 2794 scriptura
2277 2717 2526 2793 indicat,

534 2808 695 2889 quod
733 2808 927 2864 furore
964 2805 1200 2863 accensi
1235 2818 1293 2862 et
1329 2806 1388 2862 in
1418 2805 1508 2862 ira
1534 2804 1813 2862 obdurati
1841 2819 2134 2864 venerunt
2165 2820 2530 2886 occupantes

537 2900 904 2959 Salvatorem
951 2909 1221 2955 nostrum
1272 2908 1331 2953 et
1384 2897 1729 2966 Dominum,
1780 2919 1811 2954 a
1859 2917 1976 2975 quo
2028 2909 2187 2956 tanta
2231 2899 2529 2957 mirabilia

532 3001 844 3068 tantasque
868 2988 1116 3045 virtutes
1147 2988 1327 3045 factas
1354 2987 1649 3058 viderant,
1681 3000 1739 3045 et
1766 2988 2114 3045 obtulerunt
2149 3011 2282 3046 eum
2306 2989 2524 3049 Pontio

533 3080 724 3139 Pilato
768 3079 1088 3137 clamantes
1121 3090 1177 3135 et
1215 3076 1484 3135 dicentes
1526 3100 1538 3134 z
1586 3077 1762 3149 Tolle,
1802 3079 1961 3149 tolle,
1996 3068 2283 3160 'crucifige
2329 3102 2459 3139 eum
2481 3083 2525 3153 3,

587 3279 627 3321 1.
660 3278 741 3322 Ez.
765 3276 956 3327 xxxvl,
982 3277 1049 3319 25.

585 3335 628 3377 2.
658 3334 724 3377 Is.
747 3333 783 3384 1,
805 3334 873 3378 18.

583 3391 625 3432 3.
657 3389 758 3431 ῙοΑ.
785 3388 897 3439 XIX,
922 3387 991 3429 15.

584 3612 606 3655 1
636 3611 704 3655 ait
732 3609 1013 3667 Aspergam]
1049 3626 1075 3649 ψ
1094 3626 1117 3649 *
1140 3621 1342 3664 pai-gam
1363 3610 1403 3650 F
1427 3606 1669 3663 (spel-gam
1690 3609 1730 3649 F
1738 3608 1777 3664 2)
1796 3632 1852 3641 -
1878 3608 2071 3666 munda]
2098 3625 2185 3653 om.
2209 3614 2248 3652 Β
2271 3635 2329 3643 -
2349 3612 2374 3652 2
2395 3589 2527 3699 quia]

529 3682 560 3724 q
581 3683 606 3708 *
628 3668 668 3710 F
684 3690 736 3699 -
757 3667 782 3707 3
804 3665 1126 3722 remittuntur]
1147 3667 1187 3706 B
1209 3666 1249 3705 F
1259 3664 1278 3693 ²
1298 3662 1533 3706 remititur
1554 3665 1594 3704 F
1610 3687 1659 3694 —
1680 3666 1704 3705 5
1722 3663 1980 3720 coccinum]
2007 3679 2197 3707 coccum
2217 3669 2258 3707 F
2274 3681 2439 3710 coccus
2462 3671 2501 3710 F

529 3727 574 3764 et
593 3722 784 3765 subinde
805 3746 860 3754 —
878 3721 1007 3777 alba]
1037 3719 1288 3763 candidam
1308 3721 1348 3760 F
1356 3743 1411 3750 —
1428 3721 1454 3759 6
1477 3717 1586 3775 quid
1612 3718 1700 3774 est]
1732 3718 1801 3760 bie
1824 3719 2012 3775 quidem
2037 3723 2077 3762 F
2095 3721 2160 3778 (2⁶
2185 3736 2278 3763 non
2297 3723 2421 3778 quod
2445 3724 2530 3781 ΡΒ)

528 3802 583 3811 -
604 3781 629 3820 8
652 3778 777 3835 sunt]
804 3778 1018 3833 Sequitur
1034 3775 1262 3832 glossema
1292 3788 1302 3816 ε
1327 3788 1412 3830 per
1442 3773 1663 3816 fenieium
1684 3774 2024 3829 prophetarum
2048 3777 2240 3833 sanguis
2260 3777 2315 3834 (B
2328 3779 2391 3819 1³2
2416 3793 2528 3820 san-

528 3833 669 3890 guine
683 3833 735 3889 F)
753 3832 1052 3888 accipiendus
1071 3837 1157 3881 est,
1175 3844 1261 3886 per
1281 3828 1521 3871 coccinum
1535 3828 1741 3885 (coecum
1760 3829 1813 3885 F)
1832 3843 1942 3872 vero
1961 3831 2088 3886 (add.
2110 3835 2150 3873 F
2163 3832 2261 3874 eius
2281 3834 2527 3890 sang-uine,

527 3891 587 3931 F2
623 3888 835 3945 sanguis)
854 3902 907 3930 eo
929 3887 1052 3943 quod
1074 3885 1177 3944 (om.
1202 3886 1253 3940 F)
1280 3884 1507 3940 sanguine
1530 3884 1868 3940 poenitentium
1885 3891 2077 3942 peccata
2097 3894 2138 3938 (*
2157 3904 2181 3926 ,ι
2203 3891 2242 3930 F
2276 3888 2530 3931 abluantur

532 3945 806 4001 (abluuntur
824 3943 879 3999 F)
899 3967 953 3975 —
975 3942 1043 3997 ut]
1075 3956 1178 3984 eras
1195 3943 1259 3982 F2
1282 3964 1336 3971 —
1358 3940 1488 3997 vero]
1519 3943 1556 3981 F
1583 3954 1784 3996 namque
1814 3944 1852 3982 B
1879 3966 1932 3972 —
1953 3942 2123 3984 delicta
2150 3958 2194 3999 q.
2252 3974 2262 3985 .
2297 3945 2506 4000 pretioso

528 4017 554 4040 κ
569 4017 594 4040 *
611 4018 633 4040 ,ν
651 4017 674 4040 *
698 4000 799 4042 ioso
823 4001 928 4040 F—
945 4001 972 4040 9
995 3996 1243 4053 sanguine]
1267 3998 1307 4037 F
1328 4010 1413 4039 om.
1429 3999 1468 4036 B
1488 4019 1543 4026 —
1562 4001 1671 4037 sunt
1695 4012 1718 4035 ιε
1734 4012 1756 4034 *
1773 4013 1797 4034 τι
1824 3996 2041 4039 fenicium
2065 4001 2168 4039 F-
2191 3999 2243 4040 10
2258 4000 2506 4042 miniatum

528 4070 655 4098 men.
673 4089 682 4098 .
701 4087 711 4098 .
738 4057 840 4097 F—
856 4068 883 4096 a
906 4052 1114 4110 coccino]
1131 4049 1278 4107 suppl.
1304 4065 1332 4093 a
1348 4065 1484 4093 cocco
1502 4051 1560 4092 F2
1578 4051 1661 4094 sol.
1681 4075 1737 4082 -
1758 4057 1939 4094 tantum
1957 4069 1979 4091 *
1996 4070 2019 4091 νε
2036 4070 2059 4091 νε
2077 4069 2100 4091 *
2124 4054 2199 4096 ine
2212 4057 2315 4096 F--
2329 4056 2378 4097 11
2404 4057 2529 4099 enim

527 4126 573 4167 p.
593 4111 658 4169 q.]
677 4128 702 4151 *
716 4128 741 4150 α
759 4127 782 4150 *
796 4111 957 4152 F--12
979 4109 1124 4149 nostri
1152 4124 1174 4146 *
1191 4124 1214 4145 *
1230 4124 1254 4145 *
1272 4122 1294 4145 *
1319 4121 1393 4149 res
1411 4106 1571 4148 F—13
1586 4106 1889 4163 crediderint]
1912 4108 2264 4152 credantF-et
2287 4127 2310 4149 ,ι
2327 4127 2350 4150 *
2366 4127 2390 4149 ν(
2411 4112 2529 4153 iten-

527 4168 653 4209 ciam
668 4168 775 4209 F—
796 4163 996 4221 egerint]
1022 4168 1167 4219 agant
1184 4165 1221 4203 F
1235 4184 1288 4193 —-
1304 4161 1364 4203 ab
1387 4161 1512 4203 omni
1528 4161 1716 4218 delicto]
1742 4162 1897 4204 omnia
1914 4163 1980 4205 eis
2000 4163 2169 4206 delicta
2185 4168 2288 4207 F-
2302 4167 2354 4207 14
2376 4180 2462 4222 per
2480 4167 2525 4209 b.

529 4221 752 4279 gratiam]
788 4237 892 4260 *ar*
921 4234 965 4261 m
1004 4222 1044 4261 F
1079 4242 1129 4249 —
1167 4216 1431 4274 absolvere]
1472 4217 1718 4273 ignoscere
1750 4220 1790 4259 F
1813 4242 1869 4249 -—
1899 4220 1952 4261 15
1981 4219 2040 4261 ad
2071 4236 2175 4259 Η*
2206 4220 2386 4263 edictus
2407 4224 2448 4265 F
2473 4247 2531 4257 -—

529 4277 986 4376 &striatam
1003 4298 1062 4369 :2
1074 4272 1316 4372 aiam
1325 4273 2362 4395 2*sangar?*sanare-„warni
2378 4294 2407 4371 3:
2424 4293 2529 4374 122*

532 4389 588 4431 19
611 4387 752 4445 quod]
781 4404 804 4426 *
824 4385 854 4433 d
877 4389 914 4427 F
930 4400 1021 4441 quo
1043 4389 1082 4427 B
1103 4410 1158 4417 -
1181 4384 1305 4425 obdu
1329 4400 1353 4422 ιι
1369 4400 1392 4423 *
1417 4390 1517 4425 ntes
1539 4386 1650 4425 F—
1674 4385 1726 4425 20
1749 4391 1876 4426 tanta
1903 4385 2160 4442 mirabiha]
2187 4403 2210 4425 *
2236 4404 2258 4426 *
2283 4387 2328 4429 ia
2345 4390 2385 4429 F
2401 4412 2450 4420 —
2477 4389 2528 4431 21

533 4442 771 4499 viderant]
797 4456 932 4493 corr„
963 4446 1103 4483 ...unt
1124 4444 1163 4483 B
1181 4442 1220 4481 F
1239 4463 1289 4471 —
1313 4445 1359 4481 et
1384 4439 1672 4496 obtulerunt]
1698 4456 1723 4478 ψ
1743 4456 1767 4479 ιι
1789 4443 1899 4480 F—
1921 4442 1973 4482 22
1993 4440 2122 4482 dicen
2146 4459 2170 4480 *
2191 4459 2213 4481 *
2241 4457 2266 4484 e
2287 4443 2400 4485 tolle
2422 4447 2462 4486 F
2477 4468 2533 4477 --

530 4499 656 4556 eum]
687 4513 776 4540 om.
797 4499 837 4539 F
