2880 5893
410 2041 455 2079 10

407 2499 453 2536 15

401 2956 450 2993 20

399 3415 448 3453 25

502 1085 556 1133 30
1166 1087 1516 1136 TRACTATUS
1547 1082 1827 1137 omc‘ums

505 1196 717 1253 tissimi
778 1196 1017 1268 sratreS,
1086 1195 1339 1255 dicimus
1398 1218 1502 1255 cur
1554 1196 1688 1255 talis
1751 1218 1936 1275 paena
1997 1193 2501 1256 incircumcisum'

500 1299 700 1345 octava
738 1288 833 1345 die
872 1300 1104 1346 maneat
1131 1288 1324 1367 qualis
1357 1302 1413 1346 et
1442 1289 1498 1345 ei
1533 1289 1636 1367 qui
1674 1290 1985 1346 sabbatum
2011 1288 2356 1347 violaverit?
2388 1287 2489 1346 Sic

500 1377 655 1434 enim
687 1378 834 1435 dicit
861 1379 1114 1436 animam
1139 1378 1300 1436 illius
1337 1379 1846 1437 exterminandam
1874 1379 1976 1458 qui
2013 1392 2216 1438 octava
2252 1378 2348 1435 die
2377 1377 2490 1435 cir-

498 1468 793 1526 cumcisus
823 1491 940 1527 non
971 1470 1170 1540 fuerit,
1211 1470 1509 1548 quomodo
1547 1471 1710 1529 illius
1749 1472 1852 1550 qui
1882 1472 2193 1529 sabbatum
2228 1469 2490 1528 violave-

501 1560 597 1617 rit.
635 1560 790 1633 Quid
837 1561 996 1639 quod
1041 1561 1305 1619 sabbatis
1357 1561 1711 1641 plerumque
1749 1562 1941 1621 infans
1979 1563 2265 1633 nascitur,
2307 1581 2487 1639 quem

500 1652 747 1709 sabbato
778 1673 1003 1722 rursus,
1039 1652 1100 1708 id
1137 1664 1228 1710 est
1270 1664 1473 1710 octava
1522 1653 1642 1723 die,
1674 1654 2023 1713 circumcidi
2060 1674 2307 1712 necesse
2353 1652 2490 1710 est?

499 1744 572 1799 Et
616 1742 692 1799 ita
723 1741 822 1800 flet
859 1756 921 1800 ut
964 1756 1063 1800 aut
1103 1744 1413 1801 sabbatum
1451 1744 1991 1816 circumcisionem,
2032 1757 2131 1802 aut
2172 1744 2490 1802 circumci-

499 1834 585 1890 sio
621 1832 777 1891 diem
806 1835 1038 1891 sabbati
1067 1833 1268 1906 violet,
1306 1835 1443 1892 dum
1492 1848 1550 1893 et
1579 1836 1798 1893 ferrum
1825 1838 2087 1894 sabbatis
2116 1847 2323 1894 contra
2356 1833 2490 1891 lici-

495 1935 619 1982 tum
661 1937 919 1998 tenetur,
960 1938 1018 1983 et
1061 1948 1210 2005 opus
1247 1927 1463 2005 agitur,
1505 1940 1562 1984 ct
1604 1927 1817 1985 vulnus
1863 1927 2257 2007 imprimitur3
2297 1936 2397 1984 aut
2438 1925 2487 1983 si

499 2017 806 2075 sabbatum
839 2023 955 2091 [...]
989 2017 1261 2088 evitatur,
1302 2017 1775 2077 circumcisionis
1812 2020 1907 2077 lex
1938 2020 2306 2097 profanatur,
2348 2017 2486 2074 dum

497 2119 698 2167 octava
733 2109 830 2166 die
858 2130 978 2166 non
1013 2121 1349 2179 exercetur3
1396 2121 1456 2167 et
1491 2109 1897 2167 incircumcisi
1925 2110 2114 2167 anima
2145 2108 2485 2189 perimitur,

498 2198 612 2256 nisi
649 2200 975 2258 secundum
1011 2199 1205 2279 legem
1238 2212 1437 2257 octava
1472 2199 1567 2257 die
1596 2200 2080 2258 circumcidatur.

503 2310 507 2315 ·
574 2291 693 2351 Sed
722 2292 855 2349 dico
891 2291 1052 2370 quod
1082 2290 1293 2349 sentio,
1341 2291 1404 2350 Si
1440 2291 1818 2350 circumcisio
1860 2292 2067 2351 salutis
2097 2304 2186 2350 est
2223 2293 2483 2373 signum,

495 2402 600 2440 cur
628 2384 878 2440 Ioannes
907 2382 1333 2462 paenitentiam
1357 2382 1555 2462 potius
1583 2406 1758 2462 quam
1780 2383 2299 2441 circumcisionem
2318 2403 2490 2460 prae-

496 2474 750 2533 dicavit?
786 2473 902 2548 Qui
931 2474 980 2531 si
1019 2473 1199 2531 sciret
1231 2474 1749 2533 circumcisionem
1786 2475 1993 2533 salutis
2041 2496 2170 2533 esse
2212 2473 2483 2552 signum,

495 2565 1009 2624 circumcisionem
1037 2565 1123 2622 eis
1172 2565 1356 2647 magis
1387 2545 1557 2643 qilam
1594 2566 2022 2645 paenitentiam
2052 2565 2479 2646 praedicasset.

494 2657 653 2732 Quid
685 2656 844 2735 quod
882 2657 1098 2714 multos
1134 2657 1354 2714 scimus
1383 2669 1521 2735 post
1551 2657 1746 2716 datam
1778 2659 1972 2739 legem
2011 2680 2126 2718 non
2173 2656 2510 2714 circumci-‘

495 2771 591 2806 sos
632 2748 1103 2805 misericordiam
1149 2748 1387 2806 Domini
1433 2750 1740 2819 meruisse,
1790 2762 1846 2807 et
1882 2749 2267 2807 circumcisos
2303 2745 2483 2804 variis

495 2861 815 2918 paenarum
853 2839 1176 2920 generibus
1213 2839 1529 2897 interisse?
1574 2844 1724 2898 Ecce
1765 2843 1930 2899 Iesus
1972 2843 2127 2899 Nave
2182 2837 2484 2897 Gabaoni-

494 2945 580 2989 tas
608 2932 669 2989 in
698 2932 893 2989 locum
922 2931 1129 2989 salutis
1158 2932 1442 3009 suscepit,
1478 2954 1587 2989 nec
1618 2944 1809 2989 tamen
1838 2932 2234 2990 circumcidit.
2266 2933 2310 2989 E
2345 2950 2482 2987 con-

492 3036 579 3081 tra
616 3022 952 3081 circumcisi
992 3036 1335 3101 serpentum
1380 3022 1676 3080 morsibus
1717 3024 2097 3082 devorantur.
2137 3020 2369 3080 Deinde
2418 3020 2481 3077 in

493 3136 691 3172 eremo
739 3115 951 3196 ingens
1003 3114 1489 3172 circumcisorum
1559 3115 1874 3172 multitudo
1923 3125 2218 3194 prostrata
2261 3124 2373 3183 est,
2424 3123 2482 3168 et

492 3228 698 3264 omnes
740 3205 1143 3263 incircumcisi
1187 3219 1323 3263 sunt
1366 3208 1669 3264 reservati.
1715 3207 1814 3265 Sic
1853 3219 1911 3264 et
1958 3206 2115 3284 apud
2155 3202 2478 3262 Iezechiel¹

491 3320 695 3356 omnes
716 3298 1053 3356 circumcisi
1078 3298 1424 3380 angelorum
1442 3298 1804 3376 bipennibus
1820 3298 2101 3356 trucidati
2123 3308 2280 3366 sunt,
2302 3307 2361 3353 et
2391 3293 2482 3351 illi

492 3389 604 3447 soli
631 3389 825 3447 vivere
854 3401 1197 3447 meruerunt
1226 3388 1328 3468 qui
1358 3389 1595 3471 signum
1624 3389 1862 3448 Domini
1892 3388 2383 3447 circumferentes
2418 3385 2479 3442 in

492 3480 786 3539 frontibus
817 3481 1188 3539 habuissent.
1235 3482 1468 3539 Dathan
1505 3493 1563 3539 et
1592 3481 1816 3538 Abiron
1858 3493 1916 3539 ct
1944 3479 2138 3539 omnis
2175 3498 2483 3560 synagoga

492 3574 685 3631 Coreb
718 3572 1056 3631 circumcisi
1099 3572 1264 3630 hiatu
1293 3585 1483 3630 terrae
1517 3573 1782 3651 absorpti
1835 3572 1910 3630 ad
1961 3572 2185 3629 inferos
2223 3569 2483 3627 demersi

491 3676 647 3722 sunt.
698 3667 743 3723 E
785 3676 987 3722 contra
1027 3665 1227 3722 Iethro
1268 3685 1436 3721 socer
1483 3664 1672 3742 Moysi
1719 3662 2174 3722 incircumcisus
2224 3660 2481 3718 hostiam

541 3799 581 3841 1.
616 3799 694 3841 Ez.
722 3799 795 3849 lx,
819 3801 915 3842 2-6.

545 3945 565 3985 1
590 3942 808 3999 dicimus]
830 3946 933 3998 post
959 3942 1061 3984 loeo
1084 3945 1122 3983 F
1147 3966 1203 3974 -
1228 3942 1329 3999 cur]
1362 3945 1401 3983 B
1422 3945 1480 3984 ΙΝ
1505 3957 1627 3998 quur
1647 3945 1684 3983 F
1711 3957 1766 3984 ac
1785 3942 1978 3984 subinde
2002 3967 2058 3973 —-
2078 3938 2480 3996 incircumcisum]

486 4001 526 4041 F
621 4013 671 4040 so
702 4001 741 4040 B
764 4024 820 4030 ——-
841 4001 867 4041 2
889 3997 948 4054 ei]
983 4012 1089 4040 cum
1117 4000 1156 4039 F
1173 4023 1228 4029 —-
1249 4000 1276 4039 3
1293 3997 1517 4054 animam]
1543 4001 1580 4039 Β
1602 3999 1720 4042 F2...
1746 4012 1771 4039 a
1799 4000 1906 4039 F—-
1926 4000 1952 4038 4
1977 3995 2228 4054 quomodo]
2253 4010 2424 4052 quomo
2447 3998 2487 4037 F

486 4080 542 4087 -—
564 4057 587 4095 5
620 4054 741 4104 Quid
775 4053 918 4110 quod]
947 4053 1174 4110 quidquid
1195 4057 1307 4095 F—
1337 4055 1360 4095 7
1395 4054 1666 4110 sabbatum]
1699 4057 1737 4095 Β
1760 4057 1824 4094 F2
1858 4053 2083 4095 sabbatus
2117 4055 2156 4094 F
2180 4075 2237 4083 —-
2265 4054 2292 4093 9
2321 4051 2484 4107 impri-

488 4110 649 4167 mitur]
673 4112 713 4152 F
733 4110 781 4152 in
800 4108 1022 4166 primitur
1043 4113 1081 4151 Β
1101 4134 1156 4141 —-
1179 4110 1231 4150 10
1254 4108 1524 4166 sabbatum]
1551 4124 1611 4151 an
1636 4125 1656 4151 «
1684 4109 1868 4151 sabbati
1898 4108 2164 4164 profanatio
2189 4122 2210 4149 >)
2227 4110 2243 4150 ?
2260 4129 2319 4139 —-
2341 4109 2389 4149 11
2417 4106 2480 4164 et]

490 4173 539 4209 ut
570 4168 628 4207 F2
660 4191 717 4197 —
745 4165 1011 4222 perimitur]
1045 4166 1305 4221 perimatur
1334 4168 1372 4206 F
1397 4191 1453 4197 —
1488 4167 1540 4207 15
1570 4165 1659 4215 Qui
1701 4165 1758 4222 si]
1796 4168 1835 4207 Β
1855 4166 1923 4206 1³2
1955 4165 2064 4221 quis
2091 4167 2130 4205 F
2151 4188 2207 4196 -—-
2231 4162 2418 4219 salutis]
2446 4165 2487 4204 F

489 4222 629 4264 saluti
660 4224 699 4263 Β
728 4246 783 4253 -
808 4223 861 4264 16
887 4220 1241 4277 paenitentiam]
1279 4238 1304 4261 «κ
1335 4221 1489 4263 nciam
1524 4224 1561 4262 F
1586 4246 1641 4251 —
1676 4223 1724 4264 17
1762 4225 1870 4276 post
1905 4220 2062 4262 datam
2120 4237 2145 4260 *
2181 4237 2205 4258 *
2242 4233 2317 4261 am
2359 4221 2399 4260 F
2425 4242 2483 4251 --

488 4280 540 4320 18
571 4277 755 4320 Domini
810 4293 832 4316 *
866 4280 905 4319 F
925 4302 980 4309 —
1011 4278 1063 4318 19
1095 4277 1365 4334 generibus]
1397 4294 1420 4316 *
1444 4277 1602 4319 eribus
1633 4279 1672 4317 F
1693 4300 1747 4308 ——
1778 4276 2066 4320 Gabaonitas
2119 4275 2273 4342 gabae
2308 4292 2332 4313 *
2362 4276 2402 4315 F
2426 4299 2483 4307 —

488 4336 541 4376 20
582 4336 733 4376 locum
805 4332 1024 4388 expunxit
1065 4334 1103 4373 F
1138 4336 1182 4373 et
1219 4338 1320 4389 post
1365 4333 1529 4375 salutis
1567 4332 1747 4387 scripsit
1790 4333 1977 4388 signum
2013 4356 2068 4363 —-
2102 4330 2419 4387 circumcidit]
2455 4346 2481 4370 ι-

487 4390 684 4432 umcidit
703 4391 741 4431 F
758 4414 813 4420 —
832 4388 886 4445 E]
913 4404 999 4429 om.
1023 4391 1061 4429 F
1077 4413 1133 4419 —
1155 4389 1204 4430 21
1230 4389 1518 4445 serpentum]
1546 4388 1841 4443 serpencium
1870 4391 1908 4429 F
1929 4413 1986 4420 --
2015 4389 2066 4429 22
2093 4386 2267 4443 eremo]
2299 4387 2480 4442 scripsi,

488 4447 729 4488 heremoB
743 4445 932 4487 erhemo
953 4445 1122 4485 F—23
1140 4444 1380 4501 lezechiel]
1408 4444 1641 4486 ezechihel
1662 4447 1763 4485 F—
1778 4447 1830 4486 24
1851 4443 2154 4500 bipennibus]
2178 4444 2247 4484 F2
2271 4441 2482 4496 uipinni-

489 4501 576 4544 bus
598 4503 633 4543 F
651 4500 816 4567 pennis
836 4502 1004 4544 Β-26
1029 4500 1219 4557 Abiron]
1239 4502 1278 4541 F
1292 4501 1470 4556 abyron
1488 4503 1595 4542 B—
1612 4501 1662 4542 27
1687 4499 1857 4557 Coreb]
1877 4503 1915 4541 F
1930 4499 2103 4541 choreb
2124 4503 2163 4541 Β
2177 4497 2478 4555 -absorptiJ

487 4558 667 4600 obsorti
684 4559 724 4598 F
742 4556 921 4599 absorti
941 4557 1006 4598 1³2
1027 4580 1084 4589 --
1103 4556 1299 4613 inferos]
1328 4556 1441 4599 add.
1466 4556 1562 4599 vivi
1580 4559 1620 4598 F
1637 4581 1693 4588 —
1715 4555 1936 4613 demersi]
1970 4554 2146 4613 scripsi,
2177 4553 2371 4597 dimersi
2392 4558 2431 4597 B
2447 4556 2485 4598 F

487 4639 542 4648 —-
564 4613 620 4671 E]
645 4628 733 4655 om.
758 4616 795 4656 Β
816 4639 871 4645 -
888 4615 940 4656 28
959 4612 1134 4670 Icthro]
1162 4612 1353 4667 cor-remi,
1378 4612 1536 4655 iechor
1558 4615 1595 4655 B
1618 4613 1803 4655 iothaor
1823 4615 1862 4653 F
