2880 5893
1059 1084 1066 1090 '
1116 1097 1467 1142 TRAGTATUS
1498 1099 1641 1142 xvm
2297 1094 2378 1136 1⁹9

384 1213 522 1258 sunt
549 1200 866 1260 oecidere¹.
899 1201 1181 1258 Cadendo
1201 1202 1356 1258 enim
1387 1202 1709 1282 surg-imm,
1745 1209 1806 1261 et
1832 1200 2075 1260 extincti
2103 1199 2373 1269 vivimm,

385 1305 444 1349 et
477 1313 549 1350 ex
572 1291 750 1351 terris
778 1292 1009 1371 expulsi
1040 1292 1269 1351 caelum
1296 1314 1677 1373 occupamuS,
1717 1306 1775 1352 et
1810 1294 1911 1372 qui
1944 1293 2055 1352 sub
2082 1293 2376 1350 sententia

383 1385 654 1442 stetimus
698 1384 1051 1442 sententiam
1091 1384 1369 1443 dicimus,
1411 1387 1485 1443 Et
1531 1385 1667 1444 ideo
1706 1407 1984 1465 rogamus
2022 1396 2084 1442 et
2117 1384 2376 1464 petimus

383 1474 755 1534 sanctitatem
788 1488 1069 1551 vestram,
1115 1499 1148 1534 o
1190 1475 1348 1535 beati
1391 1488 1701 1555 martyreS‚
1743 1489 1809 1535 ut
1850 1475 2040 1534 nostri
2084 1496 2376 1533 memores

383 1588 512 1625 esse
548 1565 903 1649 dignemini,
937 1572 1004 1625 ut
1037 1577 1097 1625 et
1131 1589 1264 1639 noS,
1302 1567 1406 1648 qui
1439 1567 1571 1647 pari
1606 1568 1722 1626 fide
1758 1567 1820 1625 in
1857 1567 2071 1647 Xpisto
2105 1565 2216 1625 Dei
2252 1566 2376 1624 filio
2412 1581 2439 1617 5

382 1657 705 1730 credimus,
743 1657 1011 1716 eamdem
1039 1649 1348 1718 vobiscum
1384 1658 1457 1717 de
1487 1659 1795 1738 triumpho
1822 1657 2119 1737 passionis
2155 1669 2378 1737 marty-

383 1748 471 1807 rio
499 1748 747 1832 gloriam
785 1750 1069 1829 consequi
1106 1762 1165 1808 et
1207 1752 1478 1808 obtinere
1514 1772 1865 1808 mereamur.
2319 1765 2323 1769 ’

437 1920 477 1965 1.
508 1923 633 1966 Mun
656 1924 709 1976 X,
737 1924 804 1965 28.

397 2126 405 2136 -
437 2098 460 2140 1
490 2098 554 2156 et]
579 2098 773 2149 correoeae',
798 2103 850 2141 ut
869 2102 908 2141 B
926 2114 951 2138 ιν
966 2102 1006 2141 F
1020 2123 1076 2133 ·-
1096 2100 1304 2198 extincti)
1325 2117 1349 2139 α
1363 2099 1399 2142 ti
1418 2102 1457 2142 F
1471 2125 1527 2133 -—-
1544 2099 1765 2158 vivimus]
1788 2102 1827 2142 F
1849 2114 2035 2143 ...amus
2055 2103 2095 2143 B
2116 2125 2171 2133 -—-
2188 2102 2213 2143 2
2231 2116 2371 2144 occu-

383 2153 574 2212 pamus]
609 2154 803 2207 correxi,
836 2167 1021 2198 ...emus
1037 2158 1082 2197 -Β
1105 2171 1129 2193 *
1149 2169 1254 2210 mus
1303 2158 1314 2172 '
1331 2179 1387 2188 —-
1414 2155 1514 2214 qui]
1547 2155 1652 2211 quis
1681 2158 1722 2198 F
1744 2178 1798 2188 —
1828 2156 2075 2214 sententia]
2104 2172 2233 2201 ...am
2253 2160 2294 2199 F
2317 2182 2372 2190 —

378 2215 404 2252 ὁ
439 2214 600 2252 senten
616 2226 640 2248 *
660 2226 685 2248 *
704 2223 808 2253 mus
835 2212 875 2252 F
900 2233 951 2243 -
982 2212 1010 2253 4
1040 2210 1355 2263 sanctitatem]
1389 2225 1416 2253 a
1447 2211 1695 2254 sanctitate
1719 2213 1759 2253 F
1782 2230 1834 2244 ·-
1860 2217 2067 2254 vestram
2097 2212 2143 2269 o]
2169 2229 2193 2251 ψ
2217 2229 2240 2251 *
2262 2215 2373 2255 F—

382 2270 407 2315 5
430 2263 541 2323 fide]
572 2265 765 2318 correxi,
791 2264 938 2317 *fidem
959 2268 1054 2308 BF
1076 2289 1132 2299 -
1159 2268 1188 2307 6
1219 2265 1451 2325 eamdem]
1483 2266 1661 2324 scripsi,
1688 2267 1880 2320 eandem
1910 2270 2005 2310 BF
2030 2291 2081 2300 —
2104 2267 2367 2327 vobiscum]

383 2320 578 2370 correxi,
617 2320 727 2363 nob.
756 2323 849 2363 BF
870 2345 930 2355 —-
960 2323 993 2365 8.
1019 2321 1300 2379 Mereamur]
1332 2322 1546 2379 Sequitur
1572 2321 1818 2380 doxologia
1848 2321 2114 2366 Praestabit
2143 2323 2231 2366 hoc
2257 2324 2371 2368 deus

380 2381 517 2434 pater
536 2376 831 2434 omnipotens
860 2390 948 2434 per
967 2377 1210 2421 dominum
1226 2382 1438 2422 nostrum
1458 2381 1500 2421 B
1516 2381 1555 2421 F
1570 2376 1701 2437 (add.
1722 2382 1763 2423 F
1779 2377 1966 2421 Ihesum
1987 2379 2239 2437 Xpistum).
