2880 5893
453 2009 499 2045 10

453 2465 498 2501 15

447 2924 498 2961 2⁰

536 1050 589 1106 4⁸
1202 1061 1550 1109 TaAcTATns
1582 1062 1861 1110 oatcssms

539 1168 699 1239 vicit,
743 1169 957 1226 malum
983 1169 1226 1226 humani
1254 1169 1494 1250 generis
1524 1171 1635 1227 sub
1672 1170 1927 1250 pedibus
1964 1170 2089 1230 suis
2125 1169 2320 1230 iacere
2360 1162 2538 1231 mon-s

538 1259 767 1318 stravit.
801 1260 915 1333 Qui
959 1260 1348 1338 cupiditatem
1379 1262 1541 1333 vicit,
1574 1283 1778 1341 pacem
1809 1263 1924 1321 sibi
1957 1260 2311 1341 'perpetuam
2338 1265 2527 1322 dedit.

539 1351 652 1425 Qui
707 1352 1094 1429 cupiditatem
1139 1353 1277 1410 vicit
1325 1353 1662 1410 libertatem
1713 1353 1851 1425 sibi,
1899 1355 2060 1433 quod
2105 1368 2197 1413 est
2251 1354 2531 1436 ingenuis

537 1440 972 1513 difficillimum,
1024 1443 1308 1501 reddidit.
1351 1444 1468 1519 Qui
1518 1444 1904 1523 cupiditatem
1937 1446 2100 1517 vicit,
2142 1447 2362 1505 mundo
2396 1447 2531 1525 ipso

538 1534 811 1612 superior
839 1534 966 1592 fuit.
1003 1537 1222 1608 Quare,
1267 1535 1641 1593 dilectissimi
1676 1536 1909 1608 fratres,
1952 1549 2012 1595 ut
2042 1559 2137 1595 res
2173 1538 2302 1617 ipsa
2340 1537 2530 1595 mani-

538 1624 684 1683 feste
716 1625 912 1697 docet,
953 1626 1290 1684 meditanda
1332 1626 1506 1684 nobis
1545 1649 1780 1705 semper
1810 1641 1899 1687 est
1927 1629 2237 1707 pudicitia,
2278 1651 2428 1709 quae
2461 1651 2531 1688 eo

536 1717 770 1775 facilior
819 1729 909 1776 est
949 1739 1068 1797 quo
1123 1718 1300 1775 nullis
1346 1718 1572 1776 artibus
1617 1731 1849 1777 constat
1853 1764 1975 1777 .....
2038 1720 2196 1792 Quid
2241 1734 2330 1778 est
2375 1721 2532 1778 enim

537 1808 855 1887 pudicitia,
907 1831 1082 1888 quam
1134 1831 1300 1866 mens
1364 1810 1612 1868 honesta
1677 1810 1751 1868 ad
1819 1810 2149 1868 custodiam
2213 1833 2531 1890 corporum

537 1900 885 1958 naturaliter
923 1900 1079 1971 data,
1114 1912 1179 1958 ut
1218 1901 1456 1959 sexibus
1499 1901 1695 1979 pudor
1738 1902 2001 1977 debitus,
2057 1925 2188 1960 cum
2219 1904 2530 1961 severitate

537 1991 824 2073 signatuS,
859 1991 1035 2049 finem
1079 1991 1317 2073 generis
1362 1993 1592 2050 servet?
1628 1993 1739 2051 Cui
1778 2007 2124 2072 competunt
2160 2007 2218 2083 et
2260 2007 2532 2072 coaptata

536 2095 674 2141 sunt
724 2082 786 2140 in
828 2083 1039 2161 primis
1085 2083 1265 2141 timor
1331 2083 1471 2152 Dei,
1539 2096 1597 2142 et
1663 2097 2117 2163 praeceptorum
2185 2084 2530 2143 caelestium

534 2196 695 2245 cura,
725 2187 782 2232 et
825 2174 1054 2232 animus
1091 2175 1449 2252 propensior
1485 2175 1558 2232 ad
1596 2175 1804 2245 fidem,
1844 2189 1904 2232 et
1947 2198 2114 2233 mens
2164 2177 2414 2234 attonita
2457 2175 2531 2233 ad

536 2286 763 2324 sacram
799 2265 1176 2344 divinamque
1220 2265 1596 2346 religionem,
1646 2267 1864 2345 quibus
1903 2267 2220 2325 virtutibus
2265 2267 2532 2326 custodi-

536 2366 632 2415 tur
672 2357 773 2415 illa
813 2378 963 2436 quae
999 2370 1200 2415 nostra
1245 2369 1337 2415 est
1379 2358 1641 2429 castitaS,
1696 2381 1769 2416 ne
1826 2381 1857 2415 a
1907 2358 2066 2417 vitiis
2116 2358 2530 2438 corporalibus

538 2447 944 2530 impugnetur.
1960 2453 1966 2462 '

542 2567 547 2571 ·
619 2540 738 2599 Sed
797 2541 934 2620 quia
990 2535 1112 2598 dixi
1174 2542 1332 2598 hunc
1385 2541 1786 2599 venerabilem
1850 2541 2250 2620 patriarcham
2313 2542 2530 2621 Ioseph

536 2641 741 2710 typum
779 2632 977 2710 Xpisti
1019 2631 1080 2688 in
1125 2632 1245 2690 suis
1293 2633 1523 2690 actibus
1575 2633 1919 2711 pertulisse,
1976 2634 2262 2691 debemus
2319 2634 2524 2712 utique

536 2722 788 2802 singulis
820 2722 1054 2803 singula
1089 2745 1458 2802 comparare,
1491 2737 1553 2782 ut
1587 2746 1720 2781 cum
1751 2725 2041 2782 universis
2079 2726 2352 2782 universa
2383 2746 2530 2782 con-

534 2813 807 2872 veniant:
841 2813 1095 2892 primum
1136 2815 1296 2894 quod
1343 2828 1512 2893 pater
1548 2815 1677 2873 eius
1722 2818 1899 2874 Iacob
1951 2816 2211 2874 tunicam
2250 2816 2305 2874 ei
2358 2813 2530 2894 quasi

535 2905 754 2964 dilecto
783 2906 904 2963 filio
929 2908 1001 2964 de
1029 2907 1208 2965 variis
1236 2907 1538 2965 coloribus
1576 2908 1731 2965 fecit.
1769 2907 1888 2966 Sed
1920 2907 2066 2987 quid
2093 2908 2240 2965 haec
2275 2908 2528 2965 varietas

536 2995 781 3068 indicat,
824 2997 939 3054 nisi
976 2997 1341 3055 diversarum
1372 2999 1640 3079 gentium
1677 2998 1949 3057 nationes
1993 3000 2055 3056 in
2086 3000 2300 3077 Xpisto
2340 2996 2530 3056 credi·
2562 3012 2569 3017 '

534 3100 696 3146 turas
725 3088 971 3168 eiusque
1008 3090 1247 3168 corpori
1282 3111 1389 3168 per
1425 3090 1603 3148 fidem
1640 3090 2024 3148 adunandas?
2059 3091 2330 3149 Varietas
2367 3090 2527 3147 enim

533 3179 768 3237 tunicae
796 3181 1013 3258 Ioseph
1045 3180 1434 3252 diversarum,
1469 3193 1533 3239 ut
1561 3181 1702 3252 dixi,
1746 3182 2011 3263 gentium
2046 3180 2106 3238 in
2139 3180 2354 3259 Xpisto
2401 3202 2530 3237 cre-

589 3398 612 3439 1
636 3396 733 3440 suis
756 3397 926 3455 iacere]
951 3412 1005 3440 su
1027 3414 1088 3437 *a*
1108 3412 1212 3441 cere
1242 3401 1280 3440 F
1304 3424 1360 3430 —
1381 3401 1405 3441 2
1435 3398 1758 3455 cupiditatem]
1795 3398 2077 3454 cupiditates
2105 3401 2144 3440 F
2168 3403 2211 3440 et
2241 3397 2449 3440 subinde.
2475 3419 2533 3431 —-

535 3454 718 3510 pacem]
757 3467 845 3509 pac
875 3470 900 3493 *
929 3456 967 3494 F
990 3479 1046 3485 —
1075 3456 1100 3496 3
1130 3454 1244 3496 vicit
1268 3454 1555 3512 libertatem]
1594 3471 1618 3493 *
1638 3472 1661 3494 ι
1690 3461 1833 3496 tatem
1861 3457 1899 3496 F
1924 3479 1980 3486 —-
2008 3454 2243 3519 ingenuis]
2269 3452 2456 3503 conieci,
2483 3454 2530 3496 in

532 3523 680 3565 genus
699 3513 737 3551 Β
751 3512 789 3550 F
806 3533 863 3542 --
882 3511 909 3551 4
931 3509 1256 3567 difficilimum]
1277 3514 1316 3552 B
1330 3511 1388 3552 F3
1412 3509 1691 3552 diffie-illium
1709 3513 1747 3551 F
1765 3534 1819 3541 ——
1834 3509 1988 3552 reddit
2009 3513 2047 3551 F
2062 3534 2118 3541 -
2136 3514 2160 3551 5
2183 3508 2286 3566 fuit]
2309 3509 2400 3552 erit
2424 3512 2462 3551 F
2476 3531 2532 3542 -—

531 3567 558 3607 6
580 3581 605 3604 *
626 3564 819 3607 ditanda
837 3567 876 3606 F
892 3589 947 3597 -—-
969 3564 1214 3661 pudicitia)
1240 3569 1278 3607 F
1298 3565 1484 3622 pudicia
1506 3570 1545 3608 Β
1563 3591 1619 3597 -
1640 3568 1662 3607 7
1687 3571 1871 3607 constat
1967 3565 2109 3620 Quid]
2136 3568 2277 3606 Locus
2299 3564 2384 3607 iste
2402 3580 2530 3607 men·
2594 3603 2609 3612 ,

531 3620 605 3662 dis
646 3625 689 3662 et
733 3620 1159 3677 interpolationibus
1209 3621 1386 3663 abor-ac.
1429 3625 1533 3664 Post
1571 3627 1755 3663 constat
1797 3621 1926 3663 addit
1964 3624 2028 3662 B:
2066 3620 2198 3670 Quod
2235 3621 2358 3664 enim
2397 3620 2531 3663 illam

532 3676 720 3732 proficit
741 3682 787 3718 et
803 3683 1099 3719 consummat
1114 3678 1330 3719 voluntas
1347 3684 1418 3720 est
1431 3683 1607 3726 nostra,
1626 3691 1746 3733 quae
1761 3691 1816 3719 ne
1829 3675 2123 3732 inpediretur
2141 3677 2180 3718 si
2199 3676 2387 3732 longius
2407 3682 2533 3719 esset

531 3738 709 3775 nostra.
734 3731 856 3781 Quid
877 3738 948 3774 est
970 3732 1094 3775 enim
1115 3738 1198 3776 etc.
1222 3735 1283 3774 At
1302 3737 1461 3775 contra
1482 3735 1543 3775 F:
1569 3731 1722 3782 Quam
1746 3733 1868 3774 enim
1891 3732 2007 3775 illud
2028 3732 2245 3787 provehit
2267 3731 2375 3787 (veh
2393 3732 2458 3773 F2
2481 3731 2529 3774 in

535 3788 648 3845 rae.)
673 3792 717 3829 et
738 3794 1033 3830 consummat
1053 3792 1322 3844 volumptas
1346 3794 1416 3830 est
1437 3795 1626 3830 nostrae
1646 3788 1960 3844 (voluptatem
1981 3793 2192 3830 nostram
2214 3790 2252 3829 F
2264 3788 2302 3843 2)
2326 3786 2450 3843 quod
2473 3801 2531 3830 ne

531 3842 840 3899 impediretur
851 3843 1096 3940 t{mremur
1115 3844 1199 3900 ΓΞ)
1224 3843 1299 3900 sig
1320 3844 1380 3901 (si
1400 3845 1486 3899 F2)
1510 3843 1698 3899 longius
1729 3849 1852 3886 esset
1878 3849 2041 3886 nostra
2070 3849 2156 3886 est.
2187 3843 2362 3885 Deinde
2396 3842 2531 3885 addit

530 3900 570 3940 F
585 3898 707 3941 solue
727 3913 737 3941 :
758 3900 816 3942 Et
833 3901 845 3940 i
883 3913 937 3941 eo
956 3914 1046 3941 non
1067 3902 1124 3943 ad
1145 3899 1288 3942 renda
1306 3899 1611 3955 (adquirenda
1625 3899 1699 3956 ΡΞ)
1716 3905 1762 3941 et
1784 3899 1980 3942 fruenda
1997 3904 2084 3954 est,
2100 3898 2210 3955 quia
2228 3913 2319 3940 non
2342 3898 2531 3941 aliunde

532 3969 621 4010 que
659 3954 749 3997 sita
780 3960 825 3996 et
854 3955 868 4010 (
906 3956 1055 3997 uesita
1099 3962 1170 3999 set
1197 3958 1236 3996 F
1247 3956 1284 4011 2)
1325 3961 1487 3998 nostra
1519 3961 1603 3999 est.
1626 3980 1683 3986 —
1713 3957 1737 3997 8
1773 3955 1932 4011 quam]
2004 3969 2108 3997 uem
2136 3954 2333 4010 F(eraeit
2364 3955 2441 4010 F2)
2475 3977 2532 3986 —

532 4024 663 4052 mens
692 4010 888 4052 honesta
945 4014 981 4052 F
1014 4013 1225 4054 membra
1261 4025 1354 4052 non
1382 4011 1580 4053 honesta
1608 4015 1646 4052 B
1665 4035 1717 4042 —-
1735 4013 1762 4052 9
1792 4010 1978 4054 sexibus
2031 4009 2270 4066 praemisit
2300 4013 2358 4051 11'2
2393 4009 2442 4050 in
2477 4033 2531 4042 —-

568 4065 701 4122 udor]
739 4082 763 4106 si·
795 4069 833 4107 F
861 4090 911 4098 —
942 4066 1064 4122 cum]
1094 4072 1132 4109 B
1167 4067 1291 4109 solus
1323 4091 1378 4098 —
1404 4069 1456 4110 10
1491 4066 1722 4123 signatus]
1767 4066 1982 4123 signatur
2015 4070 2053 4108 F
2090 4066 2127 4108 si
2166 4071 2331 4108 nactur
2366 4066 2435 4106 F2
2475 4090 2529 4098 —

531 4080 687 4219 ina]
728 4121 1081 4235 ῑῖςεῆὰἒῗω
1110 4126 1196 4220 ⁸15
1218 4146 1267 4220 21
1299 4121 1529 4235 aaa}
1838 4128 2137 4220 aaran?
2181 4121 2530 4233 fatiam

532 4200 583 4209 —
1050 4202 1106 4209 —
1583 4195 1607 4218 *
1757 4202 1811 4210 —-
2140 4202 2196 4209 .—

531 4250 557 4273 *
572 4249 597 4273 *
623 4192 747 4275 ctaiil
768 4236 806 4274 F
827 4256 876 4265 —
908 4232 961 4274 13
987 4233 1071 4275 reli
1111 4232 1283 4289 ionem]
1308 4237 1358 4283 F,
1384 4237 1422 4275 B
1444 4249 1544 4290 sup.
1568 4234 1666 4289 lin„
1691 4234 1738 4276 in
1761 4233 1851 4275 situ
1875 4248 1976 4275 vero
2002 4233 2251 4276 lectionem
2267 4256 2316 4265 -
2336 4230 2529 4274 virtuti?-

531 4288 637 4345 bus]
658 4305 682 4329 ιι
697 4291 797 4329 F—
821 4304 877 4331 ne
900 4304 926 4329 a
941 4248 1139 4346 vitiisf*
1156 4307 1180 4329 *
1195 4307 1220 4329 *
1244 4291 1349 4329 F—
1370 4291 1420 4331 15
1439 4289 1641 4386 impug.]
1666 4292 1705 4331 F
1723 4291 1889 4346 inpug.
1913 4293 1951 4331 B
1968 4314 2024 4321 —
2046 4289 2098 4330 16
2128 4289 2238 4345 quia
2264 4288 2378 4345 dixi]
2405 4305 2428 4327 ν(
2449 4305 2474 4327 *
2496 4289 2534 4329 F

528 4367 586 4377 —
612 4346 661 4386 17
684 4349 851 4401 typum
874 4346 924 4386 X.
950 4344 1016 4401 in]
1043 4361 1068 4385 *
1084 4362 1108 4384 *
1125 4362 1148 4385 ἡ
1167 4348 1205 4386 F
1222 4369 1279 4378 -·
1300 4344 1460 4401 utique
1483 4360 1620 4401 smgu
1645 4344 1703 4401 is]
1732 4361 1794 4385 ve*
1816 4346 1908 4387 ulis
1931 4348 1971 4386 F
1989 4368 2047 4377 ——
2070 4345 2121 4387 18
2143 4359 2250 4386 cum
2272 4344 2526 4401 universis]

531 4416 556 4440 ve
572 4417 596 4440 ιν
621 4415 642 4441 s
673 4403 781 4441 Ρ·-
797 4400 852 4441 19
882 4400 1004 4456 quod
1035 4406 1171 4457 pater
1222 4417 1245 4440 *
1262 4417 1285 4440 *
1315 4403 1422 4441 F·-
1438 4400 1663 4457 tunicam]
1698 4404 1736 4442 Β
1756 4402 1815 4442 F2
1842 4400 2045 4443 tonicam
2077 4403 2116 4441 F
2132 4424 2183 4433 —
2201 4400 2262 4456 ei]
2297 4400 2397 4441 eius
2420 4401 2458 4440 F
2475 4422 2532 4432 --

531 4456 584 4496 20
606 4456 703 4497 filio
717 4456 791 4512 de]
819 4472 843 4496 *
859 4473 883 4496 *
904 4458 943 4497 F
960 4479 1017 4488 —-—
1037 4456 1180 4499 variis
1226 4456 1426 4498 diversis
1449 4459 1487 4498 F
1504 4480 1557 4489 —·
1578 4471 1638 4499 va
1658 4473 1682 4496 *
1706 4462 1803 4498 etas
1826 4459 1865 4497 F
1881 4479 1937 4488 —-
1958 4458 2007 4498 21
2034 4454 2345 4512 diversarum]
2372 4455 2531 4497 varia-

531 4525 637 4553 rum
655 4513 693 4552 F
713 4535 766 4544 -
787 4511 853 4568 in]
881 4529 905 4552 *
931 4515 970 4553 F
986 4536 1043 4544 —
1071 4513 1124 4554 22
1147 4512 1428 4568 corporique
1446 4512 1546 4556 eius
1563 4515 1602 4554 F
1620 4535 1671 4544 —
1693 4513 1747 4553 23
1776 4511 1977 4569 tunicae]
2003 4513 2061 4553 F2
2082 4511 2264 4555 tonicae
2292 4514 2330 4552 B
2356 4511 2395 4552 F
