2880 5893
497 1066 549 1111 18
1156 1064 1504 1111 TRACTATUS
1535 1064 1816 1111 ORIGENIS

495 1170 812 1251 perspicue
851 1172 1148 1251 portabat,
1175 1184 1294 1229 tam
1323 1193 1524 1236 eorum
1560 1171 1662 1250 qui
1694 1193 1765 1229 ex
1796 1170 1977 1230 Israel
2014 1170 2076 1228 in
2103 1169 2322 1249 Xpisto
2362 1192 2483 1229 cre-

495 1263 678 1321 dituri
715 1274 903 1333 erant,
941 1285 1112 1341 quam
1139 1284 1341 1321 eorum
1371 1263 1471 1340 qui
1501 1264 1573 1321 de
1613 1263 1869 1321 exitibus
1904 1262 2154 1332 viarum,
2185 1261 2248 1319 id
2285 1274 2374 1320 est
2411 1263 2484 1321 de

495 1353 836 1411 nationibus
871 1353 1162 1411 variarum
1195 1353 1484 1434 gentium,
1526 1354 1947 1411 credidissent.

575 1444 694 1503 Sed
722 1467 878 1502 nunc
905 1444 1019 1502 iam
1051 1444 1351 1503 videamus
1383 1444 1635 1503 convivii
1672 1445 1833 1503 illius
1863 1457 2295 1503 sacramentum
2325 1445 2486 1523 quod

433 1561 457 1596 5
493 1536 792 1595 Abraham
828 1536 1084 1593 Domino
1124 1536 1396 1593 exhibuit
1435 1535 1579 1615 quid
1622 1536 1867 1593 indicet.
1912 1536 2215 1606 Vitulum,·
2248 1536 2443 1614 inquit
2467 1582 2480 1606 ‚

497 1640 781 1697 tenerum,
819 1631 1183 1705 saginatum,
1217 1628 1492 1703 butyrum
1530 1640 1583 1684 et
1621 1627 1716 1685 lac
1743 1640 1797 1685 et
1818 1648 2013 1706 panes
2041 1628 2390 1707 ingrz'phim,
2422 1628 2482 1684 id

497 1730 586 1775 est
605 1740 862 1797 azymOS,
892 1718 1312 1775 subcinericios
1338 1737 1405 1776 est
1428 1720 1617 1776 tribus
1637 1723 1929 1776 mensuris
1946 1719 2178 1776 similae
2203 1740 2483 1798 conspar-

491 1831 587 1865 sos
617 1808 659 1879 ¹,
691 1830 841 1887 quae
868 1809 1064 1865 omnia
1085 1808 1158 1865 ad
1187 1807 1480 1886 liquidum
1510 1808 1794 1888 prosequi
1822 1808 2082 1888 spatium
2101 1807 2341 1866 dicendi
2363 1831 2481 1866 non

493 1900 802 1979 permittit.
854 1902 924 1958 Et
951 1898 1088 1957 ideo
1116 1898 1377 1957 breviter
1406 1899 1779 1978 strictimque
1818 1899 2048 1958 favente
2078 1902 2334 1958 Domino
2359 1900 2481 1957 sin-

408 2020 454 2055 ¹0
492 1991 629 2072 gula
658 2012 927 2070 quaeque
964 1992 1386 2071 perstringam.

568 2082 802 2142 Vitulus
831 2103 972 2160 ergo
1001 2080 1098 2139 hic
1125 2094 1316 2152 tener,
1350 2082 1683 2162 saginatu5‚
1720 2103 1957 2140 carnem
1990 2080 2229 2140 Domini
2260 2082 2482 2162 figura-

491 2174 612 2241 bat,
645 2194 793 2252 quae
832 2174 905 2230 ab
948 2172 1273 2231 incredulis
1308 2173 1444 2231 filiis
1490 2173 1683 2231 carnis
1723 2174 1999 2232 Abrahae
2034 2186 2282 2253 propter
2322 2174 2481 2231 salu-

488 2277 608 2321 tem
636 2264 1007 2321 credentium
1036 2263 1330 2322 immolari
1358 2264 1637 2335 habebat,
1675 2264 1828 2323 sicut
1856 2276 1915 2321 et
1947 2265 2250 2344 apostolus
2284 2264 2432 2324 dicit
2464 2287 2476 2322 ε

488 2355 726 2412 Pascha
755 2368 1022 2413 nostrum
1051 2355 1388 2413 immolatus
1409 2370 1493 2414 est
1518 2357 1759 2435 Xpistus
1788 2357 1830 2413 2.
1866 2358 2055 2429 Quem
2076 2356 2212 2414 ideo
2242 2356 2480 2436 sagina-

405 2477 452 2512 ¹5
490 2458 611 2502 turn
657 2445 823 2518 dicit,
866 2447 1000 2525 quia
1040 2459 1166 2504 erat
1193 2446 1456 2503 omnium
1490 2447 1780 2505 bonorum
1813 2469 2060 2526 operum
2105 2446 2480 2526 plenitudine

490 2539 723 2615 opimus
749 2583 762 2606 ‚
811 2539 964 2596 sicut
1011 2537 1092 2596 ait
1126 2538 1430 2616 apostolus
1463 2559 1475 2595 ε
1512 2539 1583 2595 In
1615 2560 1729 2618 quo
1773 2543 1963 2595 omnis
1986 2539 2297 2617 plenitudo
2328 2539 2477 2595 dioi-

487 2633 693 2686 nitatis
732 2629 1123 2708 corporaliter
1164 2629 1462 2686 inhabitat
1491 2630 1534 2686 3.
1586 2629 1697 2686 Hic
1738 2650 1882 2709 ergo
1928 2630 2146 2687 vitulus
2191 2629 2482 2687 dominici

489 2719 780 2797 corporis,
813 2720 912 2798 qui
943 2720 1002 2776 in
1032 2720 1345 2801 euangelio
1375 2741 1483 2798 pro
1511 2732 1823 2798 peccatore
1846 2720 1970 2778 filio
1998 2721 2310 2790 occiditur,
2350 2722 2480 2800 ipse

490 2812 562 2868 ab
629 2811 953 2868 incredulis
1011 2831 1118 2888 pro
1171 2811 1347 2868 nobis
1409 2822 1498 2869 est
1561 2811 1922 2883 immolatu5‚
1987 2811 2143 2869 unde
2188 2813 2480 2890 optimum

400 2933 450 2968 20
490 2901 818 2959 convivium
852 2901 1237 2960 credentibus
1271 2914 1685 2982 praeparatum
1723 2915 1835 2960 est.
1865 2902 1984 2959 Sed
2020 2903 2181 2981 quod
2201 2903 2477 2981 butyrum

487 2991 635 3050 dicit
676 3005 735 3050 et
778 2993 867 3050 lac
915 3014 1047 3050 cum
1086 3014 1265 3051 carne
1316 2993 1488 3052 vituli
1538 2993 1762 3071 pariter
1807 2993 2168 3072 appositum,
2220 2996 2479 3071 priscam

487 3084 679 3164 legem
708 3106 837 3140 esse
858 3105 1008 3162 quae
1036 3105 1143 3163 per
1169 3085 1417 3162 Moysen
1447 3084 1581 3142 data
1614 3096 1703 3141 est
1738 3084 2009 3162 apostolo
2044 3097 2283 3142 auctore
2321 3084 2479 3142 didi-

487 3177 696 3232 cimuS.
741 3174 839 3232 Sic
869 3177 1027 3231 enim
1055 3174 1129 3232 ad
1163 3175 1402 3232 Galatas
1433 3175 1641 3234 scribit
1690 3198 1700 3232 :
1741 3177 1866 3233 Lac
1894 3180 2047 3234 enim
2083 3175 2240 3234 vobis
2267 3190 2477 3255 potun-

484 3267 638 3336 dedi,
668 3288 786 3323 non
817 3266 1031 3337 cibum,
1063 3267 1308 3323 necdum
1345 3270 1497 3324 enim
1527 3273 1836 3344 poteratis,
1881 3288 1985 3324 nec
2016 3267 2213 3324 adhuc
2243 3268 2475 3347 quidem

397 3390 447 3426 25
478 3362 721 3436 potestis
746 3356 788 3415 4.
845 3356 1197 3415 Tradiderat
1243 3357 1401 3414 enim
1449 3356 1600 3438 legis
1663 3358 1748 3415 eis
1826 3359 2098 3415 mandata
2162 3358 2332 3436 quasi
2388 3358 2476 3415 lac

485 3448 559 3505 de
609 3449 889 3506 uberibus
930 3448 1177 3506 duarum
1224 3448 1557 3505 tabularum
1601 3447 1752 3528 legis
1791 3470 2161 3528 expressum,
2197 3449 2357 3528 quod
2387 3461 2479 3507 est

483 3552 903 3597 testamentum
932 3538 1093 3596 fidei.
1138 3538 1404 3598 Necdum
1441 3539 1662 3596 etenim
1698 3551 1974 3619 poterant
2002 3551 2250 3619 propter
2281 3539 2477 3597 insan-

544 3751 581 3794 1.
613 3750 733 3794 Gau.
751 3749 909 3801 XVIII,
934 3752 1022 3793 6·7.

538 3808 580 3850 2.
612 3806 631 3848 1
655 3806 773 3849 Con.
797 3806 847 3856 V,
873 3808 912 3848 7.

535 3864 579 3960 ἓ.
611 3861 869 3967 ingnHI’i-i,
893 3917 934 3960 2.
948 3916 1203 3972 Perperam
1217 3913 1411 3958 Galatas
1428 3914 1626 3957 recitant
1646 3913 1781 3957 codd.

540 4192 557 4230 1
584 4189 630 4230 in
660 4188 841 4245 Xpisto]
871 4190 908 4229 F
929 4186 1051 4228 aolus
1072 4210 1128 4218 —
1145 4187 1168 4227 2
1195 4184 1415 4242 exitibus]
1437 4189 1479 4241 ‘B
1501 4186 1555 4227 m
1581 4185 1729 4227 exitus
1755 4189 1793 4227 F
1810 4211 1865 4217 —-
1887 4186 2088 4243 viarum]
2115 4201 2202 4230 om.
2226 4191 2265 4229 B
2281 4213 2337 4219 -—
2356 4202 2473 4243 gen—

480 4245 616 4302 tium]
638 4258 862 4301 generum
890 4246 928 4284 F
945 4267 1000 4274 —
1020 4245 1046 4284 9
1067 4241 1316 4299 permittit]
1342 4242 1520 4297 patitur
1541 4244 1579 4282 F
1598 4264 1650 4273 --
1669 4241 1979 4298 strictimque]
2001 4246 2039 4284 B
2059 4244 2116 4284 F3
2140 4243 2289 4285 stricti
2312 4243 2418 4300 inq:
2439 4246 2478 4285 F

479 4324 536 4334 -
555 4302 605 4342 13
628 4300 767 4357 sicut]
792 4297 929 4342 sicuti
952 4301 988 4340 F
1004 4324 1060 4330 —
1078 4298 1210 4354 dicit]
1234 4314 1257 4336 ὴ
1280 4296 1362 4338 icit
1383 4300 1420 4338 F
1436 4321 1491 4328 -
1524 4296 1578 4338 14
1599 4297 1832 4354 nostrum]
1857 4301 1895 4339 B
1924 4301 2000 4354 ΙΝ,
2029 4313 2115 4342 om.
2144 4302 2182 4340 F
2201 4322 2251 4331 —-
2277 4299 2473 4355 sagina-

481 4356 599 4413 tum]
626 4372 650 4395 *
673 4357 885 4412 ginatum
904 4357 942 4395 F
957 4378 1012 4385 -—
1035 4352 1162 4410 quia]
1184 4357 1222 4395 B
1240 4353 1294 4394 1³2
1319 4352 1396 4408 qui
1420 4354 1459 4393 F
1477 4376 1533 4384 —
1554 4353 1607 4393 15
1630 4367 1717 4409 ope
1742 4369 1765 4391 *
1789 4356 1827 4393 F
1847 4377 1902 4385 —
1919 4354 2227 4411 plenitudine]
2250 4370 2338 4395 om,
2361 4358 2401 4395 Β
2417 4377 2474 4387 -..

482 4415 535 4455 16
556 4410 761 4468 opimus]
786 4412 842 4452 F2
860 4426 900 4474 ,p
923 4410 1127 4465 optimus
1149 4412 1188 4449 B
1210 4408 1569 4464 F—apostolus
1592 4408 1659 4449 ait
1682 4410 1781 4449 F—
1798 4408 1851 4450 In
1874 4408 1984 4465 quo]
2015 4426 2038 4448 κ
2062 4424 2153 4466 quo
2171 4412 2210 4450 F
2227 4434 2283 4442 —
2306 4411 2362 4452 19
2381 4424 2470 4466 pro

479 4475 616 4518 nobis
637 4479 708 4518 est
726 4479 828 4530 post
849 4474 951 4531 ipse
971 4475 1011 4514 F
1028 4496 1086 4505 —-
1105 4473 1159 4514 20
1177 4471 1320 4528 quod]
1346 4472 1403 4513 F'2
1425 4475 1471 4512 et
1491 4473 1531 4512 B
1552 4472 1590 4512 F
1605 4495 1660 4504 ·-—-
1676 4471 1726 4512 21
1754 4472 1875 4529 esse]
1899 4475 1939 4514 B
1959 4487 2054 4529 sup.
2081 4472 2159 4516 tin.
2183 4496 2240 4506 ·-
2264 4475 2315 4517 23
2335 4473 2471 4519 Gala·

424 4557 426 4560 .
481 4538 552 4575 tas
576 4530 793 4589 galathas
816 4533 853 4571 B
874 4533 912 4571 F
936 4552 984 4560 ——
1010 4530 1061 4571 25
1085 4528 1152 4571 eis
1167 4530 1275 4585 post
1295 4527 1417 4569 enim
1441 4529 1490 4569 F.
