2880 5893
512 2061 557 2095 10

511 2518 558 2553 15

508 2974 557 3008 20

593 1107 645 1149 82
1258 1105 1609 1151 TRACTATUS
1643 1105 1924 1152 ORIGENIS

596 1215 876 1269 Lazarum
916 1209 1098 1282 flevit,
1139 1210 1489 1269 Iudaeorum
1518 1211 1828 1290 perfidiam
1867 1211 2211 1290 deploranS,
2248 1210 2387 1290 quia
2423 1222 2590 1269 tanta

594 1303 704 1360 Dei
734 1302 1027 1360 mirabilia
1056 1302 1341 1361 credituri
1371 1325 1491 1360 non
1528 1316 1748 1360 essent.

674 1395 747 1450 Et
782 1393 1000 1450 adiecit
1027 1394 1324 1471 scriptura
1355 1393 1562 1451 dicens
1592 1417 1603 1450 :
1647 1396 1695 1452 T
1691 1417 1803 1451 une
1821 1417 1995 1452 soror
2024 1397 2208 1473 ipsius
2234 1394 2593 1473 speculaba-

593 1497 693 1542 tur
740 1507 777 1540 a
827 1487 994 1563 longe
1046 1498 1109 1542 ut
1136 1487 1355 1543 videret
1395 1488 1541 1565 quid
1583 1489 1642 1543 ei
1678 1488 1953 1565 futurum
2001 1500 2171 1544 esset.
2227 1488 2390 1559 Quae
2443 1487 2592 1543 haec

596 1597 766 1633 soror
803 1576 1016 1654 ipsiuS,
1055 1576 1172 1633 nisi
1211 1576 1384 1654 plebs
1420 1577 1518 1633 illa
1555 1599 1705 1655 quae
1746 1576 1806 1634 in
1843 1577 2181 1635 novissimis
2216 1576 2592 1656 temporibus

596 1668 706 1725 sub
735 1666 863 1724 Elia
898 1688 968 1724 ex
1004 1666 1185 1724 Israel
1223 1668 1520 1726 creditura
1558 1668 1689 1725 est?
1723 1670 1882 1726 Haec
1919 1668 2076 1726 enim
2111 1690 2138 1726 a
2172 1667 2375 1750 longe,
2410 1667 2474 1724 id
2501 1680 2594 1724 est

596 1779 624 1814 a
660 1758 773 1815 fine
811 1758 1057 1828 saeculi,
1094 1756 1348 1816 sollicite
1385 1759 1447 1815 in
1490 1759 1703 1837 spiritu
1745 1760 2043 1837 prospicit
2080 1771 2138 1816 et
2177 1760 2456 1816 observat
2489 1759 2592 1838 qui

596 1849 717 1906 sint
756 1851 857 1928 qui
892 1871 999 1928 per
1045 1848 1341 1906 lavacrum
1386 1871 1572 1928 aquae
1618 1851 1896 1908 salutaris
1932 1850 2210 1929 Xpistum
2252 1851 2363 1908 Dei
2403 1849 2592 1907 filium

596 1940 863 2019 recipere
898 1941 1224 1998 habebunt.
1256 1941 1530 2019 Denique
1558 1942 1863 1999 adiunxit:
1903 1943 1952 1998 T
1949 1964 2083 2013 unc,
2106 1942 2322 2021 inquit,
2358 1943 2591 2000 descen·

595 2033 680 2089 dit
703 2032 837 2107 filia
865 2032 1211 2088 Pharaonis
1238 2045 1302 2088 ut
1331 2032 1638 2089 lavaretur
1673 2035 1755 2090 ad
1778 2033 2024 2113 flumen,
2065 2047 2119 2090 e!
2155 2035 2297 2090 vidit
2333 2032 2500 2102 tibin,
2537 2045 2594 2089 et

596 2125 844 2202 collegit,
876 2137 931 2180 et
958 2128 1214 2201 aperuit,
1245 2136 1302 2180 et
1331 2125 1473 2181 vidit
1508 2126 1820 2203 infantem,
1858 2139 1913 2182 ec
1949 2126 2104 2183 discit
2136 2146 2154 2182 .·
2192 2126 2304 2181 Hic
2342 2146 2418 2181 ea·
2445 2124 2592 2200 filiis

595 2216 1004 2271 Hebraeorum
1041 2228 1148 2271 est.
1192 2214 1312 2271 Sed
1348 2214 1493 2293 quid
1531 2215 1677 2272 haec
1706 2214 1824 2272 filia
1856 2215 2183 2273 Pharaonis
2211 2215 2458 2287 indicet,
2497 2214 2591 2271 vel

596 2327 701 2364 cur
729 2304 1040 2385 collegerit
1059 2305 1367 2375 infantem,
1402 2305 1754 2387 diligentius
1783 2306 2177 2366 advertamus,
2208 2305 2419 2364 Filiam
2446 2326 2593 2387 ergo

595 2398 923 2455 Pharaonis
949 2418 1064 2454 non
1097 2396 1268 2454 aliam
1303 2398 1590 2478 intellego
1630 2419 1803 2475 quam
1844 2419 1915 2454 ex
1946 2398 2226 2478 gentibus
2264 2397 2589 2454 Ecclesiam

596 2488 812 2546 lavacri
870 2487 1063 2544 vitalis
1115 2487 1581 2546 sanctificatione
1637 2501 1971 2570 purgatam,
2022 2510 2173 2567 quae
2222 2488 2501 2566 Xpistum
2561 2509 2590 2544 a

598 2581 911 2661 Synagoga
954 2590 1138 2636 matre
1188 2580 1413 2637 carnali
1465 2579 1776 2658 expulsum
1821 2592 1995 2658 atque
2043 2579 2378 2657 expositum
2422 2580 2591 2657 quasi

596 2672 904 2741 infantem,
945 2671 1081 2750 quia
1121 2684 1265 2729 tunc
1305 2670 1585 2748 parvulus
1620 2672 1931 2729 videbatur
1970 2671 2210 2750 quando
2252 2670 2313 2728 in
2351 2669 2591 2727 homine

596 2765 972 2832 cernebatur,
1011 2763 1072 2819 in
1110 2762 1431 2839 semetipsa
1473 2762 1717 2842 collegit
1745 2773 1803 2819 et
1834 2774 2048 2832 servat,
2090 2761 2351 2819 futurum
2383 2761 2590 2838 utique

595 2857 711 2914 iam
740 2876 859 2912 non
884 2854 1044 2911 illius
1083 2852 1288 2911 matris
1316 2875 1467 2932 quae
1491 2876 1625 2910 eum
1654 2853 1881 2931 expulit
1910 2866 1968 2911 et
1995 2853 2259 2932 exponit,
2295 2851 2401 2909 sed
2429 2852 2593 2909 illius

597 2968 747 3025 quae
797 2968 931 3003 eum
976 2945 1223 3026 collegit
1274 2957 1332 3001 et
1377 2956 1590 3001 servat.
1640 2944 1912 3021 Denique
1957 2965 2089 3001 curn
2137 2944 2437 3000 diceretur
2473 2942 2529 3000 ei
2575 2962 2587 3000 :

595 3044 749 3099 Ecce
792 3054 981 3098 mater
1023 3053 1128 3097 tua
1171 3053 1226 3097 et
1268 3041 1499 3118 fratres
1547 3044 1651 3110 tui,
1704 3039 1805 3096 ille
1860 3038 2173 3117 respondit
2221 3060 2233 3093 ε
2296 3038 2466 3116 Quae
2507 3052 2593 3095 est

596 3147 788 3191 mater
813 3154 947 3189 mea
971 3145 1078 3188 aut
1107 3136 1369 3212 quisunt
1390 3131 1620 3209 fratres
1647 3135 1765 3187 mei
1774 3133 1806 3187 J>
1834 3132 1910 3188 Et
1942 3134 2201 3208 respexit
2225 3131 2307 3187 ad
2332 3130 2592 3207 discipu-

596 3227 682 3284 los
724 3246 861 3282 suos
913 3236 965 3280 et
1008 3227 1093 3280 ait
1136 3245 1148 3279 ε
1195 3224 1348 3280 Ecce
1395 3236 1587 3279 mater
1633 3243 1768 3279 mea
1817 3234 1874 3278 et
1905 3223 2136 3301 fratres
2186 3225 2321 3277 mei.
2377 3220 2592 3278 Omnes

595 3321 747 3374 enim
774 3319 880 3396 qui
895 3316 1132 3395 faciant
1152 3327 1484 3393 praecepta
1494 3317 1696 3392 patris
1722 3317 1856 3384 mei,
1889 3313 1950 3370 1ιί
1981 3326 2121 3370 sunt
2141 3313 2291 3370 mihi
2317 3324 2512 3369 mater
2537 3325 2593 3369 et

508 3430 557 3464 25
589 3411 788 3487 frater
816 3420 872 3465 et
899 3406 1125 3465 soror1.
1151 3409 1353 3484 Itaque
1383 3404 1582 3483 Xpisti
1619 3417 1805 3461 mater
1837 3403 1953 3461 iam
1986 3426 2104 3460 non
2135 3417 2224 3461 est
2246 3405 2586 3483 Synagoga,

651 3571 692 3613 1.
724 3570 846 3611 ΜΛΤ.
870 3570 968 3619 XII,
994 3570 1145 3611 47-50.

652 3747 672 3787 1
697 3744 844 3802 flevit]
869 3747 908 3786 Β
932 3745 996 3786 F²
1027 3743 1157 3786 flebit
1187 3745 1225 3785 F
1240 3768 1297 3775 --
1316 3746 1448 3785 tanta
1469 3759 1494 3782 *
1510 3760 1534 3782 *
1551 3760 1575 3782 *
1602 3742 1776 3786 edituri
1803 3745 1843 3784 F
1866 3767 1923 3773 —
1958 3744 1983 3784 3
2006 3741 2244 3798 scriptura
2265 3740 2446 3798 dicens]
2471 3757 2537 3781 Η-
2560 3743 2598 3783 F

593 3825 649 3834 -
674 3806 783 3842 tunc
836 3799 946 3842 add.
981 3802 1020 3841 F
1043 3799 1207 3856 inquid
1235 3823 1292 3831 —-
1319 3799 1412 3856 ipsi
1443 3815 1467 3838 *
1487 3815 1513 3838 4
1544 3812 1602 3841 ur
1631 3801 1669 3841 F
1694 3822 1751 3830 —
1786 3800 1814 3839 [ι
1856 3796 1988 3854 quid]
2026 3796 2106 3853 qui
2140 3800 2178 3840 F
2202 3821 2258 3829 —
2297 3798 2509 3839 futurum
2549 3810 2590 3842 e.

596 3857 744 3914 Quae]
799 3872 827 3898 u
858 3873 882 3895 ,υ
901 3873 925 3894 *
946 3872 970 3894 ,ι
1002 3858 1039 3897 F
1061 3879 1117 3887 -
1147 3858 1171 3897 5
1202 3854 1315 3951 nisi]
1347 3870 1431 3896 om.
1464 3856 1503 3895 F
1527 3869 1585 3897 ne
1615 3854 1679 3897 F2
1699 3853 1820 3896 ——in
1842 3868 1950 3896 nov.
1972 3858 2117 3918 temp.
2165 3869 2272 3892 *mv-
2298 3852 2460 3895 oribus
2481 3855 2594 3895 F—

594 3914 621 3954 6
643 3912 764 3969 Elia]
783 3914 820 3953 F
836 3912 974 3966 helya
989 3913 1153 3953 B—-ex
1168 3911 1296 3953 Israe
1317 3909 1482 3966 JFom.
1504 3913 1611 3951 Β--
1623 3909 1860 3952 creditura
1874 3923 1913 3952 e.
1933 3910 1987 3951 H.
2009 3923 2131 3950 enim
2169 3908 2296 3950 credi
2320 3925 2345 3948 *
2361 3924 2386 3947 -ιι-
2401 3924 2426 3947 -ιι-
2441 3924 2468 3948 *
2485 3910 2524 3950 F
2536 3932 2594 3940 —-

596 3969 619 4009 7
643 3968 689 4025 a]
711 3970 847 4010 Fom.
867 3966 1033 4008 B—in
1059 3980 1130 4022 sp.
1155 3965 1402 4030 prospicit]
1429 3982 1453 4004 *
1474 3982 1498 4004 *
1517 3982 1541 4004 *
1564 3967 1666 4007 F—
1684 3967 1708 4006 8
1733 3966 1842 4007 lava
1860 3982 1884 4004 *
1904 3981 1929 4004 *
1952 3981 1977 4004 *
1994 3964 2140 4006 utaris
2154 3967 2258 4006 F—
2284 3966 2311 4006 9
2331 3963 2590 4007 habebunt.

596 4023 821 4079 Denique]
851 4023 883 4064 h
913 4039 937 4061 *
954 4039 978 4061 ιι
1010 4036 1098 4077 que
1125 4025 1163 4063 F
1187 4045 1242 4054 —
1268 4022 1320 4063 10
1352 4021 1424 4062 dis
1452 4038 1516 4061 *k*
1533 4038 1557 4060 *
1592 4020 1750 4063 raonis
1781 4024 1819 4062 F
1851 4046 1907 4052 —
1938 4019 2054 4062 vidit
2086 4019 2226 4076 tibin]
2252 4019 2297 4061 vi
2321 4036 2345 4059 *
2366 4036 2391 4059 *
2414 4034 2443 4061 n
2470 4022 2509 4061 F
2537 4043 2594 4051 —

596 4079 644 4120 11
667 4077 858 4135 collegit
881 4083 927 4121 et
945 4076 1131 4132 aperuit
1171 4081 1217 4120 et
1234 4077 1420 4132 aperuit
1438 4082 1483 4119 et
1504 4076 1694 4132 collegit
1714 4077 1771 4117 F2
1793 4101 1848 4107 —
1868 4081 1914 4118 et
1934 4075 2071 4140 vidit]
2096 4091 2181 4117 om.
2209 4078 2246 4116 F
2260 4099 2316 4107 —-
2332 4074 2464 4117 infan
2483 4092 2507 4114 ,ι
2524 4092 2548 4114 *
2565 4091 2592 4115 *

594 4134 669 4176 hic
690 4136 730 4176 F
748 4160 803 4167 —
826 4135 876 4176 12
899 4133 1013 4175 haec
1040 4134 1068 4174 f.
1095 4133 1128 4175 P
1166 4131 1372 4189 arnonis]
1396 4148 1420 4171 τι»
1436 4149 1460 4171 *
1476 4149 1500 4171 *
1525 4132 1627 4174 onis
1651 4135 1689 4173 F
1705 4156 1760 4162 —
1784 4132 1835 4173 13
1858 4131 1940 4173 dili
1978 4130 2150 4187 entius]
2180 4147 2205 4170 νε
2229 4133 2268 4172 F
2289 4154 2346 4162 —
2368 4131 2592 4173 adverta-

595 4189 717 4246 mus]
744 4192 782 4232 Β
804 4191 866 4231 F2
894 4195 1041 4233 ...tam
1056 4191 1093 4230 F
1108 4212 1163 4219 —
1181 4189 1233 4230 14
1252 4189 1394 4230 aliam
1416 4188 1638 4243 intellego
1683 4204 1746 4226 Η
1769 4201 1853 4243 ego
1871 4212 1927 4219 --
1969 4188 2119 4229 51ava
2143 4203 2167 4225 ψ
2182 4203 2207 4226 *
2228 4185 2270 4229 is
2289 4189 2432 4228 F—a
2455 4185 2588 4242 Sym]

594 4261 619 4284 *
638 4262 663 4285 *
722 4259 812 4301 oga
834 4247 939 4287 F--
961 4245 1013 4285 16
1035 4257 1088 4285 ex
1112 4242 1276 4285 *itum
1306 4247 1415 4285 F—
1438 4245 1487 4285 17
1523 4248 1633 4286 tunc
1692 4249 1789 4285 tam
1818 4246 1858 4285 F
1881 4267 1937 4273 ——
1965 4241 2214 4298 parvulus]
2247 4245 2286 4284 Β
2313 4243 2375 4283 F2
2402 4241 2514 4286 ...lis
2535 4266 2593 4273 —

595 4301 698 4343 vide
736 4300 860 4365 atur]
878 4300 1036 4341 credet
1053 4316 1077 4338 *
1098 4313 1153 4340 ur
1167 4300 1229 4340 F2
1248 4299 1293 4340 in
1313 4314 1404 4340 ras.
1420 4299 1672 4355 —quando
1686 4298 1734 4340 in
1748 4298 1955 4355 homine]
1975 4298 2128 4353 qualis
2144 4297 2319 4339 deforis
2336 4298 2402 4339 F2
2425 4297 2473 4339 in
2495 4312 2588 4339 ras.

593 4371 650 4398 ea·
672 4370 811 4412 quam
834 4369 880 4397 ln
899 4359 995 4408 lllle
1009 4379 1064 4386 —
1078 4355 1130 4395 18
1149 4355 1266 4396 colle
1305 4355 1356 4410 it]
1377 4354 1611 4410 Fcolligit
1627 4357 1666 4396 Β
1687 4360 1730 4397 et
1747 4354 1939 4396 subinde
1954 4378 2011 4385 —
2029 4353 2256 4410 futurum]
2281 4355 2467 4395 futurus
2489 4356 2592 4394 F·—

592 4411 772 4468 utique]
795 4411 906 4453 add.
925 4412 985 4453 F2
1008 4416 1110 4453 erat
1123 4435 1177 4442 —
1192 4411 1244 4452 19
1265 4411 1278 4451 i
1301 4409 1412 4466 lius]
1433 4411 1476 4451 1⁴·
1493 4424 1552 4452 an
1577 4425 1597 4452 (ι
1612 4409 1882 4452 filium»?—
1898 4409 2021 4466 eum]
2035 4413 2073 4450 B
2086 4410 2143 4450 F2
2161 4424 2248 4451 om.
2265 4411 2365 4451 F—
2378 4408 2586 4465 exponit]

593 4468 811 4522 exposuit
830 4467 897 4508 F2
916 4492 972 4498 —
990 4465 1138 4523 illius]
1160 4466 1223 4508 F2
1243 4465 1315 4507 illi
1336 4468 1374 4507 B
1392 4468 1429 4507 F
1444 4490 1502 4497 —
1522 4467 1575 4507 20
1594 4479 1712 4520 quae
1755 4468 1795 4507 B
1815 4465 1886 4507 F²
1910 4465 1990 4521 qui
2008 4467 2112 4506 F—
2129 4466 2182 4506 22
2204 4464 2328 4521 mea]
2352 4467 2392 4506 F
2409 4471 2590 4508 menter

592 4525 630 4564 B
649 4547 706 4553 —
733 4521 831 4579 qui]
853 4523 956 4563 BF2
979 4536 1068 4578 que
1089 4524 1129 4563 F
1144 4547 1200 4553 —
1222 4520 1347 4578 sunt]
1374 4524 1412 4562 F
1429 4536 1516 4565 om.
1539 4524 1589 4563 B.
1615 4545 1670 4552 ——
1692 4521 1716 4561 2
1766 4520 1835 4577 hi]
1859 4520 2039 4576 scripsi,
2061 4519 2128 4562 hii
2151 4523 2191 4562 B
2210 4522 2249 4562 F
2264 4543 2320 4552 -·-
2346 4522 2399 4563 25
2423 4521 2588 4576 ltaque

626 4579 749 4623 X.m.
768 4577 796 4619 i.
822 4592 915 4619 non
939 4577 1028 4635 est]
1055 4594 1081 4617 *
1099 4594 1124 4617 α-
1144 4594 1169 4617 *
1188 4595 1212 4617 *
1233 4594 1258 4617 *
1278 4594 1302 4616 ψ
1323 4579 1363 4619 F
1379 4601 1435 4608 —
1457 4576 1724 4632 Synagoga]
1756 4591 1868 4632 ...ge
1888 4579 1928 4618 F
