2880 5893
408 2010 453 2045 10

406 2464 453 2499 15

400 2920 450 2956 20

399 3376 451 3411 25

493 1064 549 1106 90
1174 1065 1523 1108 TRACTATUS
1554 1065 1834 1109 ORIGENIS

494 1180 703 1225 cuncta
744 1167 1117 1246 praecipitat,
1156 1167 1371 1226 iterum
1404 1182 1591 1227 mater
1630 1192 1760 1227 esse
1807 1169 2068 1228 festinat.
2114 1173 2302 1244 Quam
2350 1193 2487 1229 eum

497 1257 740 1315 maritus
772 1271 830 1315 et
856 1273 1103 1338 propter
1127 1261 1499 1319 neomeniam
1527 1274 1586 1321 et
1612 1275 1860 1340 propter
1889 1263 2200 1320 sabbatum
2225 1261 2487 1320 retinere

494 1362 775 1430 gestaret,
812 1350 1028 1409 mulier
1059 1352 1324 1430 prudens
1367 1364 1425 1410 et
1466 1364 1646 1410 totam
1691 1375 1753 1410 se
1794 1353 1945 1410 votis
1976 1353 2216 1432 pietatis
2251 1353 2487 1433 impen-

493 1440 663 1510 dens,
694 1441 810 1519 ipsi
838 1464 1076 1521 quoque
1105 1443 1386 1501 retinenti
1415 1445 1743 1521 profutura,
1775 1445 2087 1504 sabbatum
2110 1445 2259 1503 illud
2283 1445 2487 1503 crede-

493 1535 594 1590 bat
634 1534 892 1592 futurum
921 1535 970 1591 si
1006 1534 1233 1592 doloris
1265 1534 1326 1592 in
1356 1556 1474 1613 quo
1512 1536 1640 1592 solo
1666 1536 1976 1593 laborabat
1999 1536 2185 1593 otium
2222 1536 2489 1615 recepis-

494 1641 582 1687 set
618 1639 860 1705 reeepto
897 1626 1036 1684 filio.
1081 1625 1485 1683 proficiscitur
1522 1648 1690 1707 ergo,
1739 1628 1986 1685 sabbato
2027 1628 2189 1685 venit
2231 1627 2306 1685 ad
2346 1649 2488 1705 pro-

493 1721 755 1799 phetam,
787 1719 1018 1797 rogavit
1052 1739 1187 1776 eum
1214 1729 1277 1775 ut
1304 1717 1554 1776 veniret.
1584 1718 1699 1791 Qui
1727 1740 1859 1776 eum
1885 1719 2145 1776 venisset
2172 1719 2488 1776 resuscita-

491 1812 573 1869 vit
601 1810 787 1869 filium
833 1809 960 1867 eius
1001 1831 1032 1865 a
1069 1808 1340 1869 mortuis,
1387 1808 1558 1868 Unde
1601 1809 1649 1866 si
1689 1810 1999 1866 sabbatum
2034 1809 2248 1867 itinere
2280 1811 2486 1888 profa-

493 1916 692 1960 natum
723 1902 953 1971 fuisset,
979 1922 1088 1959 nee
1116 1903 1410 1979 propheta
1435 1922 1687 1978 puerum
1715 1900 1971 1958 excitare
1997 1899 2313 1979 potuisset,
2345 1903 2484 1980 quia

492 2006 695 2051 eontra
732 1993 927 2074 legem
960 1993 1269 2049 sabbatum
1304 1991 1606 2049 violasset.

568 2085 898 2143 Adnectam
923 2084 992 2141 ad
1003 2086 1116 2140 hue
1139 2083 1291 2141 male
1320 2083 1392 2139 ab
1413 2085 1583 2140 hoste
1602 2095 1918 2142 tractatum
1937 2084 2261 2142 exereitum
2281 2084 2487 2143 Iudae-

490 2198 656 2234 orum
678 2188 926 2255 propter
947 2174 1131 2231 otium
1162 2174 1416 2239 sabbati,
1437 2186 1775 2253 superatum
1810 2176 2116 2254 sequendo
2146 2177 2480 2238 sabbatum,

492 2267 664 2327 Iudas
691 2268 1106 2336 Machabaeus,
1148 2278 1354 2323 contra
1389 2267 1625 2324 hostem
1666 2287 1796 2324 cum
1830 2288 2039 2345 agmen
2076 2265 2482 2344 produxisset,

491 2370 552 2415 et
583 2359 906 2436 prostravit
944 2356 1276 2426 inimicum,
1320 2369 1379 2414 et
1418 2358 1702 2436 populum
1745 2358 1819 2415 de
1854 2358 2099 2415 victoria
2139 2379 2255 2415 non
2290 2358 2482 2415 solum

489 2461 685 2508 tutum
722 2449 827 2506 sed
863 2461 923 2506 et
955 2448 1280 2531 gloriosum
1316 2448 1598 2506 reddidit.
1635 2448 1809 2506 Libet
1844 2448 2172 2507 exclamare
2201 2471 2213 2505 ε
2247 2449 2297 2506 si
2329 2470 2483 2506 eom-

492 2541 738 2598 missum
782 2552 872 2598 est
915 2541 976 2597 in
1014 2541 1305 2621 religione
1350 2541 1572 2598 crimen
1623 2541 1872 2597 sabbato
1913 2540 2139 2619 aliquid
2184 2539 2480 2611 faciendo,

490 2632 672 2702 unde,
713 2653 886 2711 rogo,
927 2633 1039 2689 ista
1073 2644 1236 2690 tanta
1275 2631 1547 2702 victoria,
1586 2653 1719 2689 eum
1756 2631 1916 2689 bello
1961 2632 2274 2689 sabbatum
2306 2631 2485 2690 fuerit

490 2725 864 2801 profanatum
886 2724 911 2780 ?

570 2815 691 2873 Sed
720 2836 828 2872 nee
857 2814 1220 2872 eredendum
1247 2814 1360 2871 erit
1386 2820 1501 2888 [...]
1532 2818 1721 2873 Deum
1748 2814 2243 2893 omnipotentem,
2285 2815 2387 2893 qui
2420 2814 2483 2872 in

489 2927 689 2964 euram
716 2906 980 2963 hominis
1013 2907 1102 2964 sui
1149 2928 1385 2983 semper
1419 2917 1700 2983 operatur
1741 2928 1753 2962 :
1796 2906 1870 2964 ad
1910 2906 2078 2964 euius
2112 2907 2335 2985 quippe
2363 2905 2482 2964 uti-

488 2997 739 3068 litatem,
764 2997 1228 3054 sollicitudinem
1261 2996 1744 3077 prospiciendam
1777 3019 2018 3076 gerenS,
2052 2997 2340 3054 dimensis
2377 3019 2484 3075 per

488 3090 695 3146 orbem
737 3089 1006 3167 partibus
1044 3088 1473 3146 elementorum
1523 3090 1718 3144 munia
1756 3089 2130 3165 temperavit,
2163 3087 2483 3146 candorem

487 3179 860 3259 gratissimae
891 3179 1042 3237 lucis
1071 3179 1312 3251 infudit,
1344 3191 1579 3236 noctem
1608 3179 1666 3236 in
1703 3179 1955 3258 gratiam
1988 3179 2206 3258 quietis
2235 3179 2480 3257 aptavit,

488 3292 629 3329 usus
657 3292 964 3349 pecorum,
1003 3292 1183 3349 opera
1223 3269 1589 3339 animalium,
1639 3269 2092 3348 quadrupedum
2129 3268 2322 3328 officia
2352 3292 2483 3327 sus-

485 3363 686 3432 tinuit,
724 3363 1118 3420 fecunditates
1154 3374 1369 3430 terrae,
1416 3363 1597 3420 ubera
1643 3362 1893 3419 fontium
1938 3361 2377 3420 inalimoniam
2426 3373 2485 3419 et

544 3612 565 3652 1
604 3611 812 3667 praecipi
845 3627 868 3649 ψ
888 3628 910 3649 *
941 3618 1092 3653 terum
1128 3614 1166 3653 F
1188 3636 1244 3643 —-
1269 3613 1293 3652 2
1319 3611 1515 3653 maritus
1562 3628 1585 3651 π
1616 3612 1735 3653 ritus
1766 3614 1803 3652 F
1826 3636 1882 3643 —-
1911 3610 2222 3667 neomeniam]
2256 3609 2353 3651 ...ia
2375 3611 2486 3650 F—

486 3668 514 3708 4
536 3667 802 3723 profutura]
824 3668 909 3707 BF
929 3682 1087 3710 ...rum
1109 3669 1165 3708 F2
1188 3691 1238 3699 —
1255 3671 1278 3709 5
1301 3668 1505 3708 futurum
1560 3666 1725 3708 delevit
1745 3668 1800 3708 F2’
1817 3692 1873 3698 —-
1929 3681 1988 3707 uo
2022 3666 2139 3723 solo]
2165 3679 2314 3720 aequo
2337 3665 2437 3707 solo
2451 3667 2490 3707 F

488 3737 580 3779 quo
604 3722 706 3764 sola
728 3723 784 3763 F2
801 3746 857 3754 —
875 3722 1148 3779 recepisset]
1173 3725 1211 3764 B
1226 3724 1281 3764 F2
1300 3723 1547 3777 recipisset
1563 3726 1601 3764 F
1616 3747 1668 3755 —
1690 3726 1715 3764 6
1730 3682 1934 3779 Ρθεερῑέ]
1962 3721 2145 3763 reddito
2168 3723 2204 3762 F
2221 3745 2276 3753 —
2297 3722 2321 3763 7
2350 3734 2403 3762 ro
2441 3734 2486 3763 a·

488 3778 576 3834 vit]
601 3778 787 3827 conieci,
809 3778 998 3833 rogabit
1018 3781 1057 3819 F
1080 3778 1142 3834 (et
1163 3793 1279 3820 eras.
1302 3780 1376 3819 F‘2.
1398 3783 1574 3820 tantum
1598 3792 1714 3832 roga
1733 3777 2011 3834 relinquens)
2029 3776 2231 3832 rogabat
2250 3778 2289 3817 B
2309 3801 2365 3807 —
2394 3735 2485 3825 gui

488 3848 593 3874 eum
616 3833 840 3890 venisset]
860 3836 899 3875 F
913 3849 998 3874 om.
1019 3836 1058 3875 B
1077 3858 1133 3865 -
1149 3834 1450 3876 resuscitavit
1462 3834 1630 3890 filium]
1652 3833 1839 3882 conieci,
1860 3851 1882 3873 ⁴2
1900 3849 1923 3871 ιε
1940 3835 1979 3874 F
1997 3837 2043 3874 et
2063 3831 2364 3874 resuscitaret
2377 3834 2415 3873 B
2431 3856 2487 3863 --

488 3890 512 3930 8
537 3889 670 3930 sabb.
694 3889 725 3930 i.
748 3889 1068 3946 profanatum]
1089 3889 1259 3931 sabbat
1275 3906 1300 3929 *
1319 3906 1343 3928 *
1363 3907 1385 3929 ,ι
1410 3893 1507 3930 F—
1523 3892 1710 3946 9pueru
1731 3905 1755 3927 *
1775 3906 1797 3927 ψ
1834 3894 1931 3930 *set
1954 3890 2058 3929 F—
2077 3889 2129 3929 10
2145 3887 2388 3943 violasset]
2410 3904 2434 3925 *
2453 3890 2491 3929 F

486 3969 542 3976 -
557 3945 605 3986 11
623 3945 896 4001 Adnectam]
915 3962 939 3984 *
955 3950 1049 3986 tam
1067 3947 1167 3986 F-·-
1186 3952 1435 3987 tractatum
1453 3946 1622 4002 exera]
1646 3952 1663 3986 t
1685 3961 1708 3983 *
1721 3962 1744 3984 ιν
1766 3948 1867 3986 F—
1887 3945 1938 3986 12
1958 3948 2231 3999 superatum
2251 3943 2485 3997 sequendo

488 4001 759 4057 sabbatum]
801 4015 853 4042 su
886 4017 908 4039 *
930 4017 952 4038 ιν
984 4001 1042 4041 tis
1075 4001 1272 4042 sabbato
1299 4004 1336 4042 F
1360 4025 1416 4034 —
1438 4001 1490 4042 13
1519 4008 1681 4042 contra
1712 4001 1758 4042 h.
1788 4001 1913 4056 cum]
1940 4016 2042 4037 *ae*
2061 4001 2099 4041 F
2123 4023 2179 4030 —
2201 3998 2255 4039 14
2284 3997 2415 4040 inim.
2440 4003 2487 4040 et

486 4056 620 4112 pop.]
643 4055 769 4096 im*
787 4058 826 4098 F
842 4081 897 4087 —-
922 4056 1092 4113 solum]
1120 4057 1254 4098 modo
1277 4060 1384 4099 F—
1406 4057 1458 4098 15
1482 4058 1602 4113 glor.
1627 4056 1847 4113 reddidit]
1870 4073 1893 4094 *
1914 4072 1938 4094 *
1963 4054 2032 4096 dit
2055 4057 2323 4095 F-—comm
2347 4070 2370 4092 *
2386 4069 2410 4091 *
2426 4069 2484 4091 uf*

488 4126 574 4153 one
594 4114 695 4153 F—
717 4112 769 4153 16
792 4111 1010 4168 sabbato]
1031 4113 1209 4169 scripsi,
1230 4113 1413 4154 sabbati
1440 4115 1475 4153 F
1490 4128 1576 4153 om.
1602 4115 1707 4153 B--
1722 4113 1771 4153 17
1795 4112 1917 4153 unde
1939 4110 2077 4205 rogo]
2097 4126 2120 4147 *
2136 4126 2160 4147 ιν
2177 4112 2215 4151 F
2234 4132 2283 4141 —-
2305 4122 2358 4150 sa
2381 4125 2404 4146 *
2420 4125 2444 4147 νε
2460 4125 2483 4146 *

490 4168 700 4209 sanatum
721 4170 827 4209 F—
842 4168 893 4209 19
915 4168 1217 4224 credendum]
1238 4169 1430 4215 correxi,
1455 4168 1749 4209 credencium
1774 4171 1809 4209 Β
1823 4170 1861 4208 F
1878 4167 2045 4208 creden
2083 4179 2137 4206 us
2155 4166 2211 4206 F2
2233 4191 2288 4197 —-
2318 4164 2407 4205 erit
2428 4164 2481 4207 D.

487 4222 685 4279 omnip.]
707 4236 782 4264 cre
805 4239 828 4260 *
844 4240 868 4262 ,ι
883 4240 905 4261 *
921 4227 970 4266 F.
990 4224 1153 4281 Supple
1172 4240 1209 4266 ν.
1223 4240 1268 4281 g.
1289 4241 1308 4266 «
1325 4224 1508 4265 sabbati
1530 4224 1680 4279 legem
1697 4224 1947 4265 observare
1963 4236 1984 4263 ›>
2000 4245 2056 4252 —-
2069 4223 2122 4262 20
2139 4222 2231 4280 sui]
2254 4219 2409 4262 omnia
2428 4220 2483 4260 F2

488 4279 536 4320 in
557 4292 647 4319 ras.
685 4304 741 4311 —
773 4280 1014 4336 operatur]
1049 4295 1162 4335 oper
1193 4298 1216 4320 *
1246 4283 1284 4321 F
1308 4305 1364 4312 -
1393 4280 1451 4321 ad
1487 4279 1639 4375 cuius]
1677 4296 1735 4319 Η
1763 4279 1835 4320 ius
1866 4282 1904 4321 F
1926 4304 1979 4312 -
2011 4279 2061 4318 21
2098 4276 2480 4333 sollicitudinem]

488 4335 680 4383 correxi,
728 4349 843 4377 ..·nu
884 4352 908 4375 *
947 4339 983 4377 F
1014 4336 1140 4377 ...nis
1175 4340 1212 4377 B
1245 4362 1299 4368 —
1332 4336 1599 4392 prospicien
1638 4336 1732 4392 am]
1777 4351 1801 4373 *
1840 4339 1875 4377 F
1897 4360 1953 4367 -
1981 4336 2035 4377 22
2065 4332 2420 4389 elementorum]
2460 4350 2483 4370 ψ

486 4391 527 4431 F
549 4414 604 4421 —
630 4391 683 4431 23
715 4390 854 4448 lucis]
880 4408 904 4430 ιι
927 4394 965 4433 F
982 4416 1035 4423 —
1056 4391 1248 4449 infudit]
1273 4395 1311 4433 B
1344 4393 1400 4433 F2
1423 4392 1627 4433 infundit
1654 4395 1692 4433 F
1716 4417 1771 4423 —
1798 4391 1998 4448 aptavit]
2032 4391 2217 4440 conieci,
2242 4387 2426 4444 optavit
2445 4392 2483 4431 B

489 4458 598 4541 (3Ρέ
633 4470 690 4478 —
716 4447 771 4488 24
799 4447 1075 4502 quadruped
1102 4464 1126 4486 ιν
1162 4450 1201 4489 F
1224 4472 1279 4480 --
1311 4447 1549 4504 sustinuit]
1589 4447 1835 4490 substituit
1858 4449 1899 4489 F
1921 4471 1978 4479 --
2002 4448 2054 4490 25
2086 4448 2203 4489 uber
2225 4461 2250 4484 ἡ
2277 4447 2318 4487 F
2339 4467 2388 4475 —
2417 4446 2481 4503 et]

489 4513 538 4543 ln
