2880 5893
1163 1083 1511 1129 TRACTATUS
1543 1084 1598 1126 Vl
2327 1080 2378 1120 57

1301 1574 1477 1688 [VI]

470 1996 609 2054 Scio
629 1996 892 2076 quidem,
924 1994 1300 2054 dilectissimi
1339 1995 1573 2065 fratreS,
1608 2016 1698 2051 me
1728 1996 1800 2053 de
1828 1996 1943 2053 hoc
1974 1994 2379 2076 primogenito

388 2087 567 2158 libro,
606 2087 669 2144 id
708 2099 799 2144 est
843 2108 1156 2168 geneseOS,
1196 2086 1680 2164 frequentissime
1719 2087 2078 2164 disputasse,
2121 2097 2179 2143 et
2225 2107 2377 2164 pene

388 2200 596 2237 omnes
632 2178 918 2236 lectiones
956 2178 1100 2247 eiuS,
1151 2190 1329 2255 prout
1369 2177 1518 2235 ratio
1555 2177 1827 2254 permisit
1863 2190 1962 2235 aut
1998 2176 2377 2235 mediocritas

388 2268 835 2350 intellegentiae
872 2268 1035 2338 sinit,
1056 2267 1341 2325 alacritati
1368 2280 1598 2325 vestrae
1627 2268 2003 2326 disseruisse.
2034 2269 2202 2326 Nunc
2237 2287 2378 2324 vero

388 2361 462 2418 de
500 2361 815 2438 prophetia
852 2358 1212 2417 sanctissimi
1260 2359 1633 2437 patriarchae
1673 2361 1878 2429 Iacob,
1913 2380 2027 2438 qua
2063 2357 2378 2415 duodecim

388 2452 528 2509 filiis
557 2451 679 2508 suis
708 2463 984 2508 eventura
1019 2449 1315 2528 praedixit
1348 2470 1499 2528 quae
1530 2449 1723 2507 adhuc
1752 2472 2053 2529 nunquam
2085 2449 2378 2506 disserue-

388 2565 534 2612 ram,
582 2554 836 2599 tractare
882 2541 1188 2620 proposui.
1227 2543 1300 2598 Et
1336 2541 1471 2619 quia
1520 2540 1662 2598 satis
1699 2541 1997 2619 prolixum
2037 2553 2126 2598 est
2160 2539 2220 2597 in
2264 2561 2379 2598 uno

387 2645 643 2691 tractatu
696 2645 906 2690 cuncta
963 2631 1284 2701 disserere,
1351 2631 1604 2710 proinde
1662 2632 1951 2710 quaedam
2021 2630 2380 2709 disputanda

389 2736 551 2795 sunt,
592 2724 883 2803 quaedam
911 2722 1140 2781 utiliter
1168 2722 1523 2788 differenda,
1565 2723 1701 2803 quia
1744 2735 1802 2780 et
1828 2744 1931 2780 vos
1962 2722 2150 2804 magis
2178 2721 2380 2779 brevia

389 2837 565 2895 quam
592 2814 822 2892 prolixa
847 2814 1169 2884 delectant,
1198 2813 1424 2893 quippe
1452 2836 1584 2872 cum
1614 2813 1916 2872 succincta
1953 2813 2181 2871 facilius
2205 2834 2380 2892 quam

390 2916 733 2965 coacervata
772 2926 1054 2963 memoria
1081 2917 1421 2963 teneantur.

473 2997 571 3055 Sic
598 3019 742 3077 ergo
772 2996 852 3053 ait
892 3019 904 3052 :
947 2997 1022 3053 Et
1052 3001 1276 3054 vocavit
1319 2997 1483 3077 filios
1531 3019 1671 3053 suos
1712 2996 1891 3053 Iacob
1942 3010 1997 3053 et
2035 2997 2185 3054 dixit
2215 2997 2378 3053 illis:

388 3088 661 3145 Accedite
697 3100 760 3145 ut
794 3088 1041 3146 indicem
1075 3089 1231 3145 vobis
1271 3088 1415 3167 qaid
1455 3102 1733 3145 occurrat
1770 3088 1928 3146 vobis
1965 3091 2022 3144 in
2054 3092 2382 3146 novissimis

389 3179 616 3236 diebu-5.
650 3179 961 3236 Conuenite
987 3192 1043 3235 et
1076 3179 1296 3250 audite,
1329 3179 1448 3254 filii
1471 3179 1667 3248 Iacob,
1701 3179 1901 3235 audite
1927 3179 2124 3236 Israel
2145 3191 2379 3258 patrem

391 3283 666 3328 vestrum.
697 3270 925 3339 Haben,
966 3268 1183 3347 inquit,
1214 3274 1669 3348 primogenitae,
1698 3283 1759 3325 ta
1798 3274 1983 3327 virtus
2019 3291 2151 3327 mea
2187 3283 2242 3327 et
2267 3273 2381 3326 ini-

389 3365 533 3419 tium
547 3361 1110 3436 filiorammeorum,
1130 3362 1317 3418 durus
1331 3367 1392 3417 in
1403 3366 1866 3431 conversatione,
1883 3361 2378 3432 dat-asetaudax,

390 3451 718 3529 efferbuisti
763 3455 915 3507 sicut
962 3474 1145 3531 aqua,
1197 3474 1313 3507 non
1367 3452 1790 3508 excandescas.
1847 3451 2185 3508 Ascendisti
2226 3456 2379 3508 enim

387 3562 565 3621 super
591 3541 778 3599 cubile
789 3546 987 3619 patris
1019 3548 1125 3614 ταί,
1160 3556 1294 3599 tanc
1323 3543 1561 3600 violasti
1584 3555 1774 3599 tor-um
1804 3563 1974 3622 quem
2003 3542 2376 3603 ascendisti¹.

446 3727 485 3771 1.
520 3727 639 3770 Gau.
662 3727 813 3776 XLIX,
839 3727 932 3771 1-4.

445 3902 486 3942 2.
520 3900 645 3958 Scio]
690 3901 761 3943 cio
790 3905 844 3951 B,
877 3900 1073 3944 initialis
1108 3902 1287 3944 litterae
1311 3902 1435 3944 locus
1470 3918 1635 3944 vacuus
1669 3902 1900 3945 remansit.
1937 3905 1975 3944 F
2002 3903 2138 3945 habet
2171 3903 2218 3945 ἰη
2249 3902 2381 3945 titulo

389 3956 557 3998 uncial.
576 3957 699 3998 rubr.
721 3974 743 3996 *
756 3957 1061 4001 DVODECJM
1078 3957 1538 4001 BENEDICCIONIB
1558 3975 1580 3997 *
1598 3975 1621 3997 ιι
1639 3958 1745 4000 Scio
1762 3983 1817 3990 -
1830 3958 1922 4015 me]
1940 3973 2027 4002 om.
2042 3957 2380 4023 Fsupplevitffl

387 4017 490 4068 post
508 4012 695 4067 quidem
710 4037 759 4044 -
781 4012 857 4068 pri
874 4029 897 4051 *
916 4012 1102 4068 ogenito
1120 4015 1220 4053 F-
1238 4016 1264 4054 4
1286 4013 1401 4055 lecci
1415 4031 1439 4052 *
1458 4030 1483 4052 ,ι
1499 4027 1554 4055 us
1574 4017 1674 4056 F-
1688 4017 1712 4055 5
1735 4014 1942 4070 intelleg.
1986 4014 2162 4069 scripu,
2178 4014 2378 4071 intellig.

389 4071 428 4109 Β
456 4066 569 4110 intel
595 4083 620 4106 ιι
680 4067 837 4110 enciae
859 4071 898 4110 F
922 4092 974 4100 ——
1002 4068 1253 4125 alacritati]
1288 4069 1474 4111 caritati
1509 4072 1548 4111 F
1569 4094 1623 4101 -
1646 4070 1668 4111 7
1700 4084 1939 4125 nunquam
1988 4084 2245 4125 numquam
2265 4073 2305 4112 F
2325 4094 2382 4101 —

390 4125 415 4164 8
428 4123 655 4179 proposui
696 4124 951 4179 praeposui
966 4127 1006 4165 F
1018 4149 1072 4156 -
1085 4126 1111 4166 9
1126 4124 1312 4180 cuncta]
1331 4125 1550 4167 universa
1570 4128 1609 4166 F
1626 4149 1680 4156 -
1696 4125 1747 4164 10
1766 4124 2015 4181 quaedam]
2035 4129 2074 4167 B
2090 4127 2153 4166 F2
2174 4126 2380 4180 quadam

389 4180 429 4219 F
446 4202 503 4209 —-
524 4178 633 4233 quia
676 4182 715 4220 Β
740 4182 778 4220 F
786 4180 804 4209 ²
834 4179 913 4234 qui
934 4182 974 4221 F
988 4204 1044 4211 —
1062 4180 1109 4224 11
1140 4179 1343 4237 prolixa]
1370 4180 1614 4236 scripserat
1627 4179 1761 4236 prius
1783 4185 2058 4223 coacervata
2087 4184 2131 4221 et
2152 4181 2242 4224 del.
2265 4184 2304 4222 Β
2324 4205 2381 4212 -

392 4232 626 4275 succincta
682 4234 923 4290 supcincta
945 4237 984 4276 F
1002 4234 1210 4276 succinta
1239 4236 1302 4277 F²
1333 4260 1389 4267 —
1411 4236 1462 4276 12
1490 4241 1765 4278 coacervata
1818 4240 1857 4278 Β
1882 4237 1944 4278 F2
1972 4236 2249 4279 coacerbata
2269 4238 2308 4277 F
2323 4261 2381 4269 —-

391 4295 649 4331 teneantur.
676 4289 770 4346 Sic]
796 4295 814 4331 t
835 4307 860 4329 -κ
884 4307 908 4329 *
931 4292 969 4331 F
984 4314 1040 4322 —
1059 4289 1191 4347 ergo]
1219 4290 1342 4332 enim
1361 4294 1401 4333 F
1415 4315 1470 4323 —
1493 4293 1544 4332 13
1566 4291 1751 4333 vocavit
1791 4295 1829 4333 B
1846 4292 1911 4333 F2
1932 4292 2120 4334 vocabit
2135 4295 2175 4333 F
2189 4316 2245 4323 —
2267 4306 2378 4334 suos

391 4360 459 4383 Η
480 4360 549 4383 *2oe
580 4345 794 4387 Accedite
821 4348 859 4387 F
886 4370 942 4378 -
971 4347 1026 4387 14
1059 4345 1171 4401 quid
1206 4362 1230 4385 α
1262 4362 1286 4385 ‹ae
1330 4346 1377 4388 in
1420 4349 1459 4388 F
1486 4372 1539 4378 —
1570 4348 1622 4388 15
1654 4346 1882 4389 Convenit
1915 4363 1939 4385 *
1969 4364 1992 4386 ,ι
2019 4364 2043 4386 ,υ
2082 4348 2218 4389 iacob
2254 4350 2291 4389 F
2322 4372 2378 4380 -

393 4400 445 4441 16
462 4400 622 4442 Ruben
645 4400 815 4457 inquit]
843 4419 866 4440 *
883 4418 907 4440 *
929 4404 968 4442 F
985 4426 1039 4433 -
1058 4415 1161 4443 mea
1183 4418 1205 4441 *
1227 4418 1250 4441 *
1271 4418 1294 4441 *
1319 4416 1527 4445 meorum
1552 4406 1588 4444 F
1605 4427 1659 4434 —
1674 4403 1725 4444 17
1750 4404 2012 4445 conversati
2038 4421 2061 4441 *
2082 4420 2106 4442 *
2128 4420 2151 4442 ,ι
2175 4403 2327 4445 audax
2344 4407 2381 4445 F

388 4479 445 4488 --
465 4456 517 4497 18
549 4470 669 4512 aqua
693 4472 716 4495 *
737 4473 761 4495 ιι
791 4471 871 4498 cas
899 4459 939 4498 F
962 4481 1007 4489 -
1033 4457 1086 4499 19
1109 4457 1217 4499 cubi
1242 4474 1264 4496 κ
1290 4474 1313 4497 *
1334 4476 1357 4496 *
1387 4464 1496 4500 tunc
1522 4461 1561 4500 F
1579 4483 1634 4490 -
1658 4458 1813 4515 quem]
1841 4458 2027 4513 quando
2050 4459 2108 4498 F2
2131 4483 2185 4490 —
2203 4460 2258 4501 20
2281 4473 2333 4501 as
2352 4475 2377 4497 *

393 4527 418 4549 *
433 4527 458 4549 *
476 4510 633 4568 itaque
655 4513 694 4552 F

2419 2735 2466 2770 1⁰

2419 3191 2466 3226 15
