2880 5893
446 2039 492 2075 10

449 2496 495 2532 15

446 2953 498 2989 2⁰

527 1093 608 1136 106
1188 1092 1539 1137 TRACTATUS
1571 1091 1851 1138 ORIGENIS

527 1196 769 1255 dabitur
819 1210 875 1254 et
919 1197 1196 1274 pulsanti
1228 1201 1553 1276 aperietur,
1591 1211 1646 1255 et
1688 1202 1790 1278 qui
1835 1201 2068 1277 quaerit
2107 1196 2415 1266 invenz’el¹‚
2462 1209 2521 1254 et

526 1289 695 1347 Nihil
733 1288 1048 1346 obscurum
1083 1289 1242 1369 quod
1277 1310 1396 1346 non
1430 1290 1840 1369 manifestetur
1874 1302 1929 1346 et
1964 1301 2177 1346 tectum
2212 1289 2373 1369 quod
2404 1310 2523 1345 non

530 1379 820 1438 reveletur
835 1380 879 1449 ⁴2,
920 1380 1108 1437 audeo
1135 1401 1244 1457 per
1269 1379 1589 1437 Dominum
1617 1379 1691 1437 de
1721 1380 1834 1437 hac
1868 1380 1999 1457 ipsa
2034 1379 2291 1436 lectione
2331 1378 2526 1437 facere

532 1491 889 1540 sermonem,
943 1481 1006 1528 ut
1042 1472 1202 1549 quod
1234 1470 1295 1528 in
1329 1470 1491 1529 aditu
1532 1470 1842 1529 secretiori
1873 1471 2109 1529 videtur
2145 1492 2277 1528 esse
2312 1491 2526 1528 recon-

532 1560 745 1631 ditum,
786 1561 845 1618 in
899 1561 1092 1618 lucem
1132 1560 1495 1643 cognitionis
1538 1563 1730 1640 possit
1770 1561 1988 1641 aperiri
2033 1560 2346 1640 palamque
2384 1582 2526 1639 pro-

532 1652 696 1710 ferri.

612 1744 710 1801 Ait
760 1743 919 1801 enim
986 1767 998 1800 ε
1053 1745 1242 1801 Homo
1306 1749 1657 1825 quicumque
1723 1746 1895 1824 offert
1969 1746 2219 1803 hostiam
2276 1749 2393 1803 voti
2435 1748 2533 1802 sui

532 1837 804 1905 Domino,
834 1836 1154 1893 secundum
1193 1857 1420 1894 omnem
1447 1840 1894 1916 promissionem
1926 1858 2096 1895 suam
2122 1849 2178 1894 et
2206 1837 2527 1893 secundum

532 1948 759 1985 omnem
810 1927 1145 1984 electionem
1187 1949 1382 1998 suam,
1427 1927 1795 2004 sacrificium
1846 1929 2118 1985 salutare
2168 1927 2420 1984 Domino
2472 1929 2529 1982 in

532 2020 736 2078 diebus
762 2018 1140 2075 sollemnibus
1172 2023 1399 2088 vestris,
1442 2021 1513 2076 de
1547 2023 1833 2076 armentis
1860 2032 1969 2076 aut
1999 2019 2070 2077 de
2096 2019 2298 2076 ovibus
2325 2023 2530 2076 vestris

532 2115 658 2167 sine
701 2110 940 2167 macula
972 2114 1083 2168 eric
1117 2124 1444 2189 acceptum.
1467 2110 1603 2170 Non
1633 2131 1893 2183 caecum,
1931 2123 2041 2167 aut
2081 2110 2391 2179 conlisum,
2424 2123 2531 2167 aut

536 2202 769 2259 abscisa
798 2201 1026 2280 lingua,
1051 2215 1159 2259 aut
1185 2206 1692 2280 vermigerantem‚
1713 2215 1820 2259 aut
1846 2202 2200 2271 scabiosum,
2221 2214 2327 2257 aut
2353 2206 2532 2279 impe-

536 2297 743 2373 tigines
772 2293 1102 2363 habentem,
1146 2307 1255 2351 aut
1287 2307 1516 2351 curcum
1556 2314 1703 2351 aure
1742 2307 1845 2350 aul
1890 2294 2110 2363 cauda,
2149 2307 2257 2350 aut
2296 2306 2530 2350 castra-

540 2395 681 2453 tum,
714 2398 822 2441 aut
854 2398 1185 2441 extractum
1216 2386 1287 2441 de
1321 2406 1500 2441 manu
1538 2384 1928 2463 alienigenae,
1970 2406 2085 2441 non
2120 2385 2377 2463 offeretis
2409 2386 2530 2441 Deo

538 2488 725 2532 vestro
787 2476 862 2532 ab
927 2477 1215 2533 omnibus.
1275 2475 1569 2552 Quoniam
1632 2475 1879 2534 vulnera
1937 2488 2075 2533 sunt
2133 2480 2194 2532 in
2249 2476 2361 2544 eis,
2413 2496 2531 2532 non

536 2579 710 2623 erunt
741 2579 985 2645 accepta
1018 2589 1055 2622 a
1083 2568 1260 2625 vobis.

618 2657 815 2715 Primo
855 2657 915 2713 in
953 2657 1084 2715 loco
1125 2658 1529 2736 quaerendum
1559 2670 1668 2726 est,
1698 2656 2074 2715 dilectissimi
2107 2656 2339 2726 fratrea
2382 2656 2530 2735 quid

541 2748 619 2805 sit
666 2749 881 2816 hostia,
933 2761 996 2805 ut
1041 2770 1173 2805 eum
1215 2749 1288 2806 de
1326 2749 1609 2828 qualitate
1660 2748 1933 2805 vocabuli
1980 2747 2338 2817 constiterit,
2377 2759 2521 2805 tunc

540 2839 718 2897 etiam
792 2838 1260 2920 significationes
1328 2852 1783 2918 praeceptorum
1834 2839 2132 2918 possimus
2186 2839 2526 2896 ostendere.

541 2928 744 2987 Hostia
773 2929 975 3010 itaque
1011 2930 1235 2988 oblatio
1268 2943 1357 2989 est
1393 2931 1693 3000 sacrificii,
1727 2952 1859 2988 eum
1888 2932 2013 2988 Deo
2041 2951 2251 2989 munus
2284 2928 2534 2987 offertur

541 3033 604 3078 ut
643 3021 963 3101 propitiata
994 3022 1301 3080 divinitate
1324 3021 1515 3080 hostis
1551 3021 1822 3080 diabolus
1860 3033 2232 3079 avertatur...
2276 3021 2531 3079 Obstare

540 3124 735 3172 autem
781 3134 898 3172 non
934 3126 1128 3171 cessat
1160 3113 1459 3185 diaboluS,
1502 3126 1559 3172 et
1594 3113 1934 3172 conservari
1965 3113 2158 3171 anima
2189 3134 2306 3171 non
2337 3123 2536 3190 potest

595 3289 634 3331 1.
668 3289 790 3330 ΜΑΤ.
815 3288 913 3336 vll,
931 3289 1015 3330 7-8.

519 3335 527 3342 ’
594 3345 637 3386 2.
668 3344 790 3388 Mu.
813 3344 866 3394 X,
891 3345 956 3385 26.

596 3581 617 3622 1
650 3586 696 3624 et
717 3578 945 3635 pulsanti]
972 3596 996 3619 ιι
1019 3578 1205 3635 pulsate
1234 3585 1279 3622 et
1306 3582 1346 3622 F
1369 3602 1425 3612 ——
1446 3578 1703 3644 aperietur]
1730 3577 1841 3619 aad.
1865 3577 2001 3619 vobis
2025 3578 2065 3619 F
2091 3600 2147 3610 -—
2175 3582 2220 3619 et
2241 3575 2322 3632 qui
2343 3591 2388 3632 q.
2412 3576 2538 3618 inve·
2562 3596 2565 3599 ·

541 3638 657 3695 niet]
682 3637 862 3693 querite
881 3640 925 3675 et
945 3634 1190 3678 invenietis
1213 3638 1252 3677 F
1267 3660 1324 3668 -—
1340 3634 1563 3691 inveniet]
1588 3638 1627 3676 Β
1643 3637 1683 3676 F
1704 3634 1882 3676 invenit
1901 3634 1973 3675 ΓΒ
1998 3656 2048 3666 ·-
2072 3634 2098 3675 3
2120 3633 2224 3690 per]
2247 3635 2286 3675 B
2304 3634 2371 3674 F2
2394 3646 2481 3688 pro
2503 3634 2542 3672 F

540 3726 597 3735 -—-
613 3703 640 3742 4
662 3703 807 3761 quod]
832 3690 944 3755 ἱῃᾷἷὶ
967 3703 1005 3741 F
1022 3724 1077 3731 -
1094 3698 1245 3755 aditu]
1271 3698 1399 3740 adito
1428 3701 1467 3739 F
1484 3698 1644 3740 abdito
1666 3698 1735 3739 ΡΒ
1756 3720 1813 3731 --
1834 3698 1858 3738 7
1882 3696 1956 3739 Ait
1977 3697 2101 3739 enim
2146 3713 2170 3735 *
2196 3712 2220 3735 *
2241 3698 2282 3738 F
2301 3720 2357 3727 —-
2378 3694 2533 3751 offert]

543 3758 667 3799 BF2
694 3758 832 3801 offret
859 3762 896 3800 F
913 3781 969 3787 -
989 3770 1047 3796 vo
1078 3772 1102 3794 *
1123 3772 1146 3794 ,ιι
1167 3772 1190 3794 *
1215 3771 1239 3794 *
1265 3770 1450 3796 omnem
1471 3756 1508 3795 F
1528 3778 1585 3786 -
1605 3755 1629 3794 8
1652 3758 1698 3794 et
1720 3770 1744 3792 *
1768 3770 1792 3792 *
1817 3769 1840 3792 ,ι
1864 3753 2042 3794 cionem
2130 3775 2180 3785 —
2204 3753 2231 3793 9
2253 3752 2460 3793 salutare
2486 3752 2535 3793 D.

543 3813 591 3855 in
616 3812 800 3871 diebus]
828 3815 931 3857 salu
952 3828 975 3850 νε
996 3828 1019 3850 *
1039 3827 1063 3849 *
1084 3828 1108 3850 *
1131 3813 1169 3852 F
1186 3835 1242 3842 —
1265 3810 1317 3852 10
1340 3809 1667 3866 sollemnibus]
1692 3812 1731 3850 B
1747 3809 1815 3850 ΙΜ
1846 3807 2089 3850 sollemnis
2106 3809 2146 3849 F
2161 3832 2218 3839 —-
2239 3807 2538 3849 ovibus-ves-

544 3867 631 3911 tris
660 3869 778 3925 sine]
804 3888 867 3910 ,νὴ
892 3887 916 3908 *
939 3870 1050 3909 F—
1075 3867 1123 3908 11
1150 3881 1355 3913 caecum,
1382 3871 1463 3907 aut
1483 3864 1733 3929 conlisum]
1755 3877 1806 3906 ce
1826 3881 1849 3903 *
1873 3881 1896 3903 *
1921 3881 1945 3903 *
1967 3866 2079 3905 F--
2107 3863 2160 3904 12
2187 3861 2393 3918 abscisa]
2422 3861 2536 3903 abas

547 3923 717 3980 [sscisa
740 3928 779 3966 F
801 3951 855 3958 -
875 3938 955 3966 ver
970 3940 993 3962 *
1016 3939 1039 3962 ιε
1059 3939 1083 3961 *
1108 3921 1289 3963 biosurn
1307 3924 1344 3962 F
1362 3946 1417 3954 --
1438 3922 1490 3962 13
1513 3919 1833 3976 impetigines]
1862 3921 1901 3961 F
1920 3919 2115 3976 inpetig.
2137 3921 2176 3960 B
2196 3923 2240 3960 ei
2265 3918 2329 3959 ita
2349 3916 2538 3959 subinde

542 4004 598 4011 —-
617 3985 698 4021 aut
718 3988 900 4023 curtum
927 3993 1038 4021 aure
1060 3982 1142 4019 aut
1163 3977 1330 4042 cauda]
1357 3992 1413 4018 ne
1438 3993 1460 4015 *
1482 3993 1505 4014 *
1530 3980 1611 4018 aut
1631 3979 1811 4016 curtum
1836 3977 1875 4016 F
1891 3999 1947 4008 —-
1969 3975 2067 4032 aut]
2092 3988 2147 4015 ve
2171 3989 2195 4012 *
2218 3978 2264 4016 et
2285 3976 2322 4015 F
2339 3972 2402 4028 (et
2418 3987 2536 4014 eras.

543 4035 632 4090 F2)
654 4061 709 4067 --
730 4037 784 4077 14
806 4035 1095 4090 alienigenae
1122 4033 1232 4090 non]
1260 4033 1460 4088 alienige
1484 4049 1507 4070 ψ
1534 4049 1556 4070 *
1584 4033 1621 4072 F
1639 4056 1693 4061 ——
1722 4030 1926 4072 offeretis
1959 4046 1983 4069 *
2006 4044 2083 4072 ras
2109 4032 2148 4071 F
2164 4053 2220 4061 —-
2241 4029 2294 4071 15
2323 4028 2535 4084 vulnera]

544 4089 643 4132 vita
673 4094 710 4132 F
735 4117 791 4124 —
826 4094 878 4134 16
901 4089 1055 4146 erunt]
1087 4106 1111 4129 ιι
1142 4092 1180 4130 F
1210 4113 1260 4121 —
1285 4089 1330 4145 a]
1366 4086 1570 4144 supplevi
1596 4112 1652 4118 —-
1673 4085 1829 4143 vobis]
1854 4089 1892 4127 F
1914 4085 2111 4128 Domino
2131 4088 2170 4127 B
2191 4099 2202 4134 ;
2225 4083 2371 4126 Nobis
2394 4085 2458 4125 F2
2484 4109 2540 4116 —-

545 4148 596 4189 17
628 4148 945 4201 quaerendum
980 4145 1068 4201 est]
1095 4159 1210 4200 quer
1237 4161 1260 4183 *
1285 4161 1308 4183 ἡ
1332 4147 1372 4185 F
1389 4169 1445 4175 —
1474 4144 1527 4185 18
1556 4142 1736 4198 qualite.
1759 4158 1783 4180 ,υ
1806 4158 1830 4180 *
1852 4141 1885 4182 li
1915 4143 1955 4182 F
1978 4166 2034 4173 --
2065 4142 2116 4182 19
2148 4138 2536 4196 significationes]

547 4202 652 4252 sig-n
669 4219 693 4241 *
716 4206 754 4244 F
774 4227 823 4235 -
848 4200 1106 4258 possimus]
1131 4203 1170 4242 B
1190 4201 1255 4241 ΡΒ
1283 4213 1536 4254 possumus
1562 4200 1667 4239 F—
1683 4200 1737 4239 20
1756 4195 1939 4252 Hostia]
1964 4213 1988 4236 *
2007 4199 2110 4237 F—
2131 4195 2256 4251 cum]
2283 4194 2405 4250 quod
2428 4197 2467 4235 F
2484 4218 2538 4226 —

546 4257 758 4315 offertur]
786 4276 809 4297 ψ
831 4264 909 4300 tur
939 4261 977 4299 F
996 4281 1052 4289 —
1074 4257 1122 4297 21
1148 4255 1424 4319 propitiata]
1450 4254 1635 4302 conieci,
1665 4267 1751 4308 pro
1773 4256 1939 4308 pacata
1962 4255 2001 4294 Β
2022 4257 2289 4308 propagata
2311 4253 2348 4292 F
2370 4256 2540 4305 pacata

546 4315 613 4354 F2
638 4336 693 4345 —
716 4314 885 4370 hostis]
913 4316 962 4363 F,
987 4327 1072 4353 om.
1107 4315 1160 4353 B.
1196 4311 1436 4353 Praemisit
1457 4312 1525 4352 F2
1553 4323 1697 4365 super
1723 4307 1929 4364 peccatis
1959 4307 2129 4350 vestris
2154 4331 2203 4338 —
2226 4306 2442 4348 diabolus
2491 4305 2535 4346 di

548 4385 573 4408 ψ
596 4371 634 4409 F
651 4392 700 4401 —
724 4368 982 4425 avertatur]
1018 4367 1128 4410 add.
1154 4370 1192 4409 B
1216 4369 1253 4409 F
1281 4367 1443 4409 Hostia
1467 4365 1591 4407 enim
1621 4364 1682 4406 ab
1708 4363 1939 4405 hostando
1965 4361 2020 4417 (B
2038 4364 2107 4404 [¹¹2
2138 4361 2335 4404 ostendo
2356 4364 2410 4417 F)
2466 4362 2538 4402 ia-

549 4424 656 4466 bolo
682 4431 727 4466 et
764 4442 788 4465 *
806 4428 860 4480 F)
881 4423 1180 4480 propitiando
1203 4423 1245 4480 (*
1268 4422 1485 4479 piciando
1503 4421 1556 4479 F)
1579 4421 1665 4463 deo
1688 4420 1795 4476 (BF
1810 4419 1947 4461 deum
1968 4421 2007 4460 F
2017 4419 2057 4475 ²)
2085 4432 2253 4460 nomen
2283 4416 2466 4473 accepit
2487 4441 2542 4449 ——-

549 4425 760 4545 obstare]
780 4480 958 4523 hostat-i
983 4482 1020 4520 F
1037 4503 1093 4512 —-
1122 4479 1175 4520 22
1207 4493 1299 4520 non
1321 4493 1360 4528 e.
1387 4478 1453 4536 d.]
1477 4495 1500 4517 ιε
1522 4494 1546 4517 ,ι
1566 4495 1589 4516 *
1608 4479 1647 4519 F
1663 4501 1718 4509 —
1740 4473 2010 4518 conservari
2037 4473 2212 4530 anima]
2241 4476 2281 4515 B
2297 4475 2336 4514 F
2357 4486 2538 4515 exacer-

549 4536 663 4582 bare
685 4551 890 4579 animam
915 4536 983 4577 102
1007 4535 1055 4578 in
1077 4549 1169 4577 ras.
