2880 5893
459 2278 482 2312 5

440 2735 485 2769 10

445 3191 490 3226 15

518 1067 597 1109 128
1179 1071 1528 1114 ΤΗΑΩΤΑΤῦδ
1558 1071 1837 1114 ORIGENIS

1405 1552 1627 1665 [XII]

598 1997 676 2053 Ec
710 1998 864 2053 misit
907 1997 1071 2053 lesus
1101 1996 1268 2072 filius
1304 1995 1469 2054 Nave
1505 2017 1579 2054 ex
1608 1997 1815 2053 Sallen
1858 1997 2007 2054 duos
2039 2000 2194 2056 viros
2226 1996 2514 2075 explora-

521 2102 675 2144 tores
695 2087 978 2143 absconse
998 2087 1042 2145 ¹.

597 2180 789 2236 Hause
811 2198 955 2259 ergo
983 2177 1140 2234 filius
1168 2179 1344 2247 Nave,
1378 2178 1477 2255 qui
1506 2176 1730 2235 abolito
1750 2190 1810 2234 et
1827 2189 2051 2235 mutato
2081 2179 2319 2236 nomine
2350 2180 2514 2236 Iesus

522 2268 737 2326 meruit
763 2268 1073 2346 appellari,
1100 2279 1163 2325 ut
1197 2290 1412 2325 novum
1443 2268 1864 2346 imperatorem
1901 2268 2317 2346 inauguratum
2352 2269 2515 2327 scili-

522 2370 615 2416 cet
650 2358 953 2415 dominico
984 2358 1223 2415 nomine
1252 2359 1546 2416 exereitus
1576 2358 1831 2426 audiret,
1864 2381 1995 2417 eum
2035 2359 2322 2438 populum
2360 2358 2514 2417 filio-

523 2471 646 2507 rum
680 2449 860 2506 Israel
883 2448 944 2505 in
971 2460 1186 2506 terram
1221 2449 1704 2527 repromissionis
1741 2449 2075 2518 induceret,
2111 2472 2184 2508 ne
2213 2451 2382 2528 quasi
2410 2472 2516 2529 per

521 2541 715 2622 legem
751 2541 964 2618 Moysi,
1000 2551 1058 2597 et
1095 2562 1212 2597 non
1248 2562 1356 2619 per
1386 2541 1753 2598 Salvatorem
1786 2541 1973 2622 magis
2010 2541 2176 2598 cuius
2214 2541 2316 2598 ille
2353 2543 2516 2598 Iesus

522 2633 734 2688 nomen
775 2632 1282 2688 accommodatum
1327 2642 1660 2710 acceperat,
1709 2630 1868 2688 idem
1915 2632 2171 2710 populus
2216 2631 2519 2689 videretur

523 2722 824 2792 induetuS,
868 2722 1118 2802 figuram
1163 2721 1362 2800 Xpisti
1395 2722 1625 2780 habens
1656 2722 1971 2780 multarum
2018 2724 2301 2780 virtutum
2343 2744 2515 2801 prae-

523 2812 654 2870 buit
704 2812 1079 2869 documenta.
1115 2814 1278 2885 Quae
1315 2812 1451 2891 quia
1492 2834 1648 2870 nunc
1683 2812 1927 2894 longum
1958 2825 2049 2870 est
2075 2814 2270 2870 omnia
2307 2835 2517 2870 reeen-

524 2926 677 2974 sere,
715 2904 788 2961 de
817 2903 1120 2981 praesenti
1151 2916 1380 2961 tantum
1415 2904 1672 2962 lectione
1701 2904 2076 2961 tractandum
2115 2916 2227 2962 est.

601 2996 679 3052 Et
725 2998 903 3064 misit,
944 2994 1160 3073 inquit,
1203 2997 1367 3052 Iesus
1402 2996 1567 3071 filius
1607 2996 1774 3055 Nave
1816 3016 1891 3053 ex
1926 2996 2132 3053 Satten
2180 2997 2328 3053 daos
2365 2999 2520 3053 viros

524 3086 931 3165 exploratores
973 3087 1276 3155 absconse,
1300 3087 1498 3143 dicens
1530 3109 1542 3142 ε
1572 3086 1886 3143 Ascendite
1905 3100 1960 3144 et
1996 3088 2176 3145 videte
2204 3100 2428 3144 terram
2459 3100 2516 3144 et

525 3177 823 3235 Hiericho,
861 3179 940 3233 Et
967 3180 1254 3235 venientes
1282 3180 1653 3235 intraverunt
1691 3178 1806 3234 duo
1843 3180 2080 3235 iuvenes
2118 3177 2426 3245 Hier-zelza,
2465 3190 2521 3234 et

528 3267 899 3322 intraverant
931 3267 992 3321 in
1029 3265 1264 3321 domum
1293 3264 1557 3321 mulieris
1574 3266 1971 3345 fornicariae,
2011 3267 2112 3321 cai
2144 3284 2354 3322 nomen
2390 3276 2522 3321 erat

582 3438 623 3482 1.
657 3438 755 3482 Ios.
775 3437 835 3490 11,
859 3436 901 3481 1.

583 3612 607 3652 2
638 3611 711 3669 Et]
739 3618 757 3654 t
796 3615 835 3653 Β
865 3610 1039 3653 initiali
1073 3610 1226 3652 littera
1264 3612 1587 3667 praetermissa
1620 3612 1678 3653 de
1714 3626 1854 3654 more.
1899 3611 2146 3654 Praemisit
2173 3614 2211 3653 F
2245 3628 2269 3651 ψ
2303 3610 2522 3654 INCIPIT
2603 3602 2606 3603 ⁷

530 3665 642 3725 δεῖ)
672 3675 747 3717 DE
777 3674 954 3717 LIBRO
978 3665 1079 3716 lffv
1105 3674 1257 3716 mvn
1283 3698 1332 3707 -
1357 3675 1413 3717 st
1436 3674 1564 3717 misit
1584 3675 1721 3717 {esus
1740 3674 1886 3731 filius]
1910 3692 1933 3714 *
1958 3692 1981 3714 *
2006 3692 2030 3715 *
2058 3692 2082 3715 ,ι
2105 3689 2160 3718 us
2191 3677 2229 3716 r
2247 3699 2302 3707 -
2335 3674 2519 3732 Sanan]

528 3730 691 3787 scripsi
705 3730 913 3786 (Σαττείν
927 3730 1023 3773 los.
1042 3730 1100 3779 11,
1122 3729 1163 3787 1)
1179 3735 1310 3771 aeten
1326 3733 1364 3771 B
1378 3735 1509 3772 neten
1525 3732 1563 3772 F
1575 3731 1809 3773 senaim-as.
1832 3754 1886 3762 -
1900 3730 2155 3787 virosexp.]
2178 3747 2202 3770 ,ι-
2219 3747 2242 3769 *
2265 3736 2475 3772 oratores
2490 3731 2529 3771 F

529 3818 582 3826 —
611 3796 638 3835 4
677 3793 850 3850 nauso]
883 3793 1050 3848 scripsi
1076 3793 1224 3853 (Αὑσή
1251 3793 1378 3836 Nun.
1414 3793 1529 3844 XIII,
1562 3793 1605 3850 9)
1638 3808 1776 3835 auses
1796 3796 1832 3834 B
1852 3810 1875 3832 *
1898 3795 1949 3835 F.
1986 3793 2227 3835 Praemisit
2258 3794 2316 3834 F2
2351 3793 2397 3835 in
2428 3808 2522 3835 ras.

530 3856 645 3906 Quis
676 3862 747 3898 est
780 3855 868 3898 iste
899 3870 1014 3911 rogo
1043 3881 1100 3888 -
1128 3870 1239 3912 ergo
1276 3855 1403 3898 filius
1433 3856 1578 3914 Nave]
1614 3873 1637 3895 ιε
1658 3873 1682 3895 *
1702 3873 1726 3895 α
1752 3859 1791 3898 F
1814 3881 1870 3889 —
1901 3856 2098 3913 abolito]
2130 3859 2169 3898 F
2196 3856 2370 3898 abolite
2400 3859 2438 3898 B
2471 3881 2525 3887 —

530 3913 680 3969 lesus]
701 3914 739 3954 F
756 3927 843 3953 om.
867 3915 905 3954 B
923 3936 979 3943 —
999 3914 1023 3953 5
1050 3913 1218 3954 meruit
1238 3911 1486 3967 appellari]
1510 3929 1534 3951 ιι
1555 3929 1578 3950 *
1598 3911 1707 3954 llari
1729 3914 1768 3953 F
1783 3922 1835 3943 ὲ
1858 3911 1926 3968 ut]
1949 3911 2059 3954 add.
2080 3913 2138 3954 1⁶⁴2
2162 3912 2296 3967 quasi
2321 3935 2375 3942 -
2397 3911 2525 3954 inuu-

565 3968 770 4024 uratum]
800 3981 906 4010 eum
937 3966 984 4008 in
1008 3968 1105 4023 figu
1137 3984 1160 4005 ιι
1191 3968 1250 4008 Γ2
1281 3966 1328 4008 in
1359 3981 1450 4009 ras.
1480 3991 1533 3998 —
1555 3969 1582 4008 6
1612 3966 1863 4031 dominico]
1901 3966 2087 4016 conieci,
2120 3966 2295 4009 domini
2328 3966 2451 4023 quod
2488 3970 2526 4009 B

531 3983 748 4065 {ominus
771 4022 844 4079 (ex
866 4021 1124 4077 dominum)
1147 4021 1270 4086 quod
1292 4025 1332 4063 F
1346 4022 1417 4078 (eo
1437 4024 1495 4064 F2
1518 4025 1654 4073 corr.)
1673 4048 1728 4056 —
1749 4022 1951 4080 audiret]
1978 4021 2164 4071 conieci,
2191 4022 2354 4064 adoret
2378 4025 2417 4064 Β
2436 4022 2526 4065 ado

532 4095 556 4118 *
579 4081 617 4120 F
634 4102 689 4110 —
711 4080 733 4120 7
756 4077 1013 4134 induceret]
1035 4081 1073 4118 B
1088 4079 1146 4118 F2
1164 4077 1390 4120 indiceret
1410 4081 1449 4119 F
1464 4101 1519 4110 —
1541 4077 1616 4134 ne]
1637 4075 1877 4134 praemisit
1898 4080 1957 4120 F2'·
1981 4077 2071 4120 Sed
2093 4101 2146 4110 —
2169 4080 2194 4120 8
2216 4092 2308 4119 non
2328 4077 2434 4142 per]
2457 4095 2481 4116 *
2501 4095 2524 4116 *

532 4136 571 4175 F
584 4158 637 4164 —
660 4136 686 4175 9
702 4132 1102 4176 accommodatum
1159 4132 1336 4189 scripsi,
1370 4132 1723 4176 accomodatum
1750 4136 1787 4175 Β
1810 4134 1868 4175 ad
1892 4150 1915 4171 *
1947 4133 2173 4176 oddatum
2194 4136 2233 4174 F
2249 4156 2300 4165 --
2325 4132 2467 4189 idem]
2495 4135 2533 4173 F

532 4188 655 4231 idest
678 4192 713 4230 B
734 4214 789 4221 -
811 4190 864 4230 10
891 4188 1108 4230 inductus
1155 4206 1178 4226 *
1204 4194 1338 4230 uetus
1365 4191 1404 4229 F
1423 4212 1480 4219 ——
1501 4189 1723 4246 figuram]
1748 4192 1787 4230 F
1805 4190 2002 4230 formam
2039 4192 2076 4230 Β
2108 4213 2156 4219 -
2191 4188 2388 4251 habens]
2421 4202 2527 4230 eum

532 4243 757 4287 habuisse
778 4245 836 4285 F2
859 4244 907 4286 in
930 4258 1022 4286 ras.
1047 4267 1101 4274 -
1131 4242 1379 4300 virtutum]
1403 4242 1529 4286 virtu
1556 4261 1580 4282 *
1599 4247 1638 4285 F
1652 4268 1709 4276 —
1730 4243 1967 4301 praebuit]
1994 4244 2254 4300 praebuere
2276 4246 2334 4285 F²
2358 4257 2404 4284 m
2433 4259 2523 4286 ras.

533 4324 589 4332 —
619 4300 666 4341 11
701 4300 839 4356 quae]
875 4304 921 4342 et
948 4301 1005 4340 F2
1036 4324 1092 4331 —
1123 4299 1263 4356 nunc]
1298 4301 1336 4340 F
1365 4313 1454 4340 om.
1486 4302 1523 4340 B
1562 4322 1619 4330 —
1649 4299 1700 4342 13
1731 4313 1785 4341 ex
1816 4299 1996 4356 Satten]
2028 4298 2208 4355 scripsi,
2236 4313 2290 4341 ex
2320 4304 2451 4341 neten
2489 4303 2527 4341 B

535 4354 708 4397 exactis
736 4358 775 4396 F
799 4354 1028 4396 semies-as.
1065 4379 1120 4386 -—
1151 4355 1204 4395 14
1224 4354 1347 4409 expl.
1373 4353 1448 4396 ab.
1474 4354 1651 4411 dicens]
1674 4372 1698 4393 *
1720 4373 1742 4393 ιν
1763 4372 1787 4393 *
1806 4368 1914 4396 cens
1945 4357 1982 4396 F
2006 4379 2063 4387 —
2092 4355 2263 4411 videte]
2289 4353 2394 4396 vide
2421 4357 2459 4395 F
2476 4379 2530 4386 -—

536 4416 711 4452 terram
733 4411 795 4467 et]
822 4416 893 4453 ter
916 4428 938 4449 *
969 4428 993 4449 *
1016 4413 1054 4451 F
1071 4425 1160 4450 om.
1184 4413 1221 4451 Β
1247 4433 1300 4442 -
1325 4410 1375 4450 15
1401 4408 1618 4452 Hiericho
1641 4416 1687 4452 et
1714 4424 1755 4452 v.
1786 4409 2098 4466 intraverunt]
2124 4428 2148 4449 *
2173 4428 2196 4449 *
2217 4427 2241 4449 *
2261 4427 2285 4449 ιι
2309 4415 2477 4452 verunt
2496 4413 2533 4450 F

535 4490 589 4496 —
612 4465 847 4522 Hiericho]
875 4465 1049 4507 iericho
1078 4469 1117 4507 F
1137 4471 1180 4509 et
1199 4464 1392 4508 subinde
1413 4490 1468 4498 —
1490 4471 1537 4508 et
1555 4465 1639 4507 int.
1664 4464 1711 4507 in
1735 4464 1859 4508 dom.
1885 4464 2113 4523 mulieris]
2134 4482 2159 4506 *
2178 4483 2202 4505 ,ι
2219 4482 2242 4504 *
2263 4483 2287 4504 *
2303 4483 2327 4504 ψ
2345 4464 2478 4509 lieris
2497 4467 2534 4507 F

534 4523 943 4566 —16e1'a****
968 4523 1134 4562 suntF
