2880 5893
484 1076 539 1125 66
1149 1077 1499 1128 TRACTATUS
1530 1073 1811 1127 OmGEle

485 1187 860 1246 dilectissimi
897 1188 1132 1258 fratreS‚
1172 1188 1333 1266 quod
1383 1189 1555 1246 Iudas
1586 1188 1669 1246 sic
1709 1188 1924 1245 meruit
1951 1185 2298 1259 collaudari,
2338 1207 2474 1246 cum

485 1281 758 1358 superius
801 1281 1043 1338 Simeon
1082 1292 1139 1338 et
1169 1281 1304 1337 Levi
1354 1281 1437 1337 sic
1479 1292 1824 1360 arguantur,
1866 1281 1980 1337 nisi
2026 1281 2162 1359 quia
2201 1302 2273 1338 ex
2311 1281 2473 1338 tribu

485 1372 626 1430 Iuda
655 1372 901 1450 Xpistus
929 1384 1209 1429 venturus
1237 1384 1384 1441 erat,
1413 1370 1590 1429 sicuti
1619 1371 1692 1429 de
1717 1393 1787 1428 eo
1816 1371 2105 1449 scriptum
2141 1384 2234 1428 est
2264 1394 2275 1429 :
2327 1375 2478 1430 Vicit

485 1464 572 1521 leo
598 1464 669 1521 de
696 1464 851 1520 tribu
882 1464 1036 1520 Iuda
1059 1464 1237 1520 radix
1260 1463 1460 1519 David
1477 1464 1490 1502 ¹
1510 1464 1535 1519 Ρ
1558 1465 1630 1521 Et
1662 1462 1938 1540 proinde,
1967 1463 2142 1520 sicuti
2168 1462 2228 1519 in
2258 1464 2474 1521 Ruben

425 1576 446 1610 5
485 1566 544 1612 et
580 1554 820 1612 Simeon
861 1566 920 1610 et
951 1552 1113 1624 Levi,
1145 1575 1261 1609 non
1290 1565 1408 1610 tam
1438 1552 1602 1631 ipsos
1633 1552 1975 1631 specialiter
2002 1575 2178 1632 quam
2216 1567 2341 1623 eoS,
2374 1554 2477 1632 qui

486 1667 557 1703 ex
580 1645 743 1703 tribu
773 1666 975 1702 eorum
1013 1644 1176 1702 nasci
1215 1645 1528 1708 haberent,
1568 1657 1627 1703 et
1669 1645 2016 1723 iniquitates
2057 1667 2129 1702 ex
2175 1646 2476 1703 voluntate

487 1759 588 1795 sua
618 1736 829 1794 facturi
856 1719 1138 1793 aclversus
1163 1736 1442 1813 Xpistum
1474 1748 1531 1792 et
1560 1736 2026 1794 consummaturi
2054 1748 2246 1808 erant,
2280 1736 2478 1817 arguit

486 1842 546 1887 et
574 1828 780 1897 inurit,
823 1828 900 1885 ita
943 1839 999 1884 et
1036 1827 1132 1884 hic
1175 1848 1294 1884 non
1330 1839 1449 1884 tam
1485 1829 1680 1905 ipsum
1725 1828 1931 1885 Iudam
1974 1827 2257 1885 laudabat
2297 1850 2474 1905 quam

487 1922 785 1999 Xpistum‚
817 1919 917 1997 qui
940 1940 1010 1976 ex
1032 1918 1195 1976 tribu
1216 1919 1360 1976 Iuda
1394 1919 1719 1976 secundum
1753 1939 1993 1976 carnem
2014 1931 2298 1976 venturus
2324 1931 2471 1977 erat.

404 2032 450 2067 ιο
488 2010 759 2089 Denique
794 2010 878 2067 sic
917 2009 998 2066 ait
1043 2011 1240 2067 :Iuda
1289 2023 1341 2067 te
1387 2010 1721 2067 laudabunt
1771 2011 2001 2089 fratres
2042 2014 2148 2080 tui,
2199 2031 2268 2067 eo
2315 2009 2476 2088 quod

487 2124 694 2159 omnes
723 2123 795 2159 ex
827 2123 1044 2182 genere
1083 2123 1188 2159 suo
1226 2102 1538 2159 credentes
1577 2102 1635 2158 in
1661 2101 1875 2178 Xpisto
1912 2100 2309 2159 collaudaturi
2342 2122 2475 2158 eum

488 2206 656 2251 erant
684 2192 745 2249 in
785 2192 932 2271 ipsis
967 2192 1285 2250 virtutibus
1327 2206 1385 2250 et
1418 2191 1795 2249 mirabilibus
1824 2192 1950 2249 eius
1990 2214 2138 2271 quae
2175 2191 2470 2253 viderent.

488 2285 661 2357 Quod
724 2296 782 2342 et
828 2285 1045 2342 factum
1101 2296 1190 2341 est
1239 2308 1251 2341 :
1295 2286 1434 2362 quia
1480 2305 1701 2354 omneS‚
1764 2283 1989 2362 inquit,
2046 2283 2478 2341 collaudabant

485 2377 674 2433 Deam
698 2377 720 2415 2
745 2376 882 2454 quia
919 2398 1221 2454 nunquam
1249 2375 1385 2432 talis
1422 2376 1714 2454 propheta
1751 2375 2127 2453 apparuisset
2161 2377 2222 2433 in
2263 2375 2474 2433 Israel.

403 2490 448 2526 15
487 2471 559 2526 Et
584 2468 722 2548 quia
756 2468 935 2525 iudex
971 2478 1029 2524 et
1057 2466 1332 2525 dominus
1375 2467 1786 2525 universorum
1815 2478 1941 2524 erat
1983 2466 2255 2544 Xpistus,
2298 2487 2474 2544 prop-

485 2572 648 2617 terea
682 2560 767 2616 sic
806 2558 1026 2616 adiecit
1075 2582 1087 2614 :
1128 2559 1347 2616 Manus
1389 2572 1525 2615 taae
1584 2580 1766 2637 super
1814 2559 2057 2615 dorsum
2101 2561 2472 2616 inimicorum

487 2665 742 2709 tuorum.
793 2650 1072 2708 Inimicos
1117 2651 1322 2729 utique
1371 2672 1472 2707 eos
1521 2651 1784 2728 appellat
1823 2650 1923 2729 qui
1967 2671 2087 2706 non
2140 2661 2309 2707 erant
2352 2671 2473 2707 cre-

485 2743 690 2810 dituri,
726 2743 879 2799 sicut
915 2741 1204 2820 seriptum
1240 2755 1332 2799 est
1370 2765 1381 2797 :
1430 2741 1578 2799 Sede
1608 2743 1692 2799 ad
1724 2742 2030 2798 dexteram
2066 2761 2258 2798 meam
2291 2741 2474 2798 donec

476 2856 701 2913 ponam
740 2837 1002 2892 inimicos
1061 2848 1191 2891 taos
1238 2834 1560 2890 scabellum
1605 2834 1826 2911 'pedam
1868 2846 2101 2890 tuorum
2121 2834 2165 2889 3.
2218 2834 2292 2890 Hi
2337 2845 2474 2891 sunt

397 2948 447 2984 20
486 2948 630 3008 ergo
674 2925 901 2982 inimici
936 2924 1234 2982 increduli
1274 2924 1375 3004 qui
1412 2947 1531 2982 non
1577 2924 1783 2982 faciem
1826 2947 1992 2981 suam
2035 2924 2108 2983 ad
2148 2924 2474 2982 videndum

485 3031 912 3097 apposuerunt,
946 3019 1049 3075 sed
1080 3029 1410 3075 avertentes
1441 3017 1650 3075 faciem
1680 3039 1843 3074 suam
1872 3039 1901 3073 a
1930 3028 2253 3094 conspectu
2281 3016 2394 3074 Dei
2418 3029 2476 3075 et

487 3110 665 3167 corda
701 3132 732 3168 a
763 3109 878 3166 fide
923 3121 1316 3179 removenteS‚
1348 3109 1522 3166 dorsa
1561 3110 1634 3167 ad
1666 3108 2124 3188 relinquendum
2153 3108 2475 3166 Dominum

484 3213 956 3279 praeverterant,
989 3225 1140 3283 quae
1172 3213 1379 3280 postea
1416 3201 1476 3258 in
1522 3201 1744 3260 iudicio
1777 3202 1884 3259 Dei
1927 3201 2000 3258 ad
2027 3201 2274 3258 verbera
2300 3223 2474 3279 prae-

539 3403 577 3443 1.
611 3403 754 3444 Aroe.
776 3403 827 3452 V,
849 3404 891 3444 5.

539 3458 579 3498 2.
613 3457 726 3499 Luc.
751 3457 849 3509 Vll,
875 3458 942 3499 16.

537 3513 577 3555 3.
611 3513 687 3555 Ps.
712 3512 824 3562 CIX,
849 3514 884 3563 Ι,
909 3513 948 3555 1,

537 3787 553 3827 1
580 3786 751 3828 meruit
775 3786 1049 3844 collaudari]
1075 3803 1099 3825 *
1119 3803 1143 3826 ν(
1166 3786 1350 3828 laudm-i
1372 3789 1412 3828 F
1427 3810 1482 3818 -
1504 3788 1529 3828 2
1549 3786 1633 3843 sic]
1660 3786 1867 3842 graviter
1889 3790 1995 3828 F—
2011 3801 2065 3829 ar
2080 3804 2102 3826 ἡ
2118 3792 2195 3829 tur
2217 3791 2319 3829 F-—-
2340 3787 2469 3846 quia]

479 3845 517 3884 B
545 3844 610 3882 F²
635 3857 723 3898 que
744 3845 850 3883 F—
875 3844 899 3883 3
916 3842 1086 3899 sicuti]
1114 3843 1236 3884 sicut
1264 3845 1303 3883 F
1323 3866 1378 3874 --
1407 3845 1433 3883 4
1455 3842 1672 3898 proinde]
1703 3842 1867 3885 exinde
1889 3843 2131 3898 scripserat
2155 3842 2287 3898 prius
2307 3848 2346 3886 B
2372 3869 2427 3876 —-
2447 3849 2474 3887 6

479 3897 769 3995 ῗὲἳὲῗῗθε]
796 3898 1127 3996 ῗζέζὲξΐζὶῗ
1141 3900 1205 3996 5⁷²
1215 3898 1509 4011 {53:21²ss
1525 3898 1751 3996 ἶῖιῗὲξίξ·
1777 3902 1885 3995 ἷ-
1898 3898 2084 3996 {335²
2098 3899 2479 4011 5⁰5351752³i¹92

482 4032 532 4042 —
563 4010 613 4050 11
646 4009 693 4050 in
724 4010 773 4051 X.
810 4009 1138 4066 collaudatur-i]
1175 4026 1198 4049 *
1218 4027 1242 4049 *
1261 4027 1285 4049 -ε
1308 4013 1346 4050 F
1371 4033 1422 4042 ——
1446 4011 1498 4051 ’12
1525 4009 1825 4052 mirabilibus
1855 4009 1952 4052 eius
1981 4010 2117 4066 quae]
2150 4010 2213 4052 mi
2236 4027 2300 4050 *ve
2317 4028 2340 4050 ιι
2363 4013 2401 4052 F
2420 4035 2474 4043 -

478 4065 708 4122 viderent]
736 4065 966 4106 vidissent
986 4068 1026 4106 F
1049 4065 1171 4122 (cum
1198 4065 1435 4121 praemisit
1460 4066 1538 4122 F2)
1559 4090 1612 4098 —
1636 4067 1687 4107 13
1715 4066 1778 4123 et]
1807 4080 1925 4107 eras.
1952 4068 2011 4106 F²
2040 4090 2097 4098 —
2117 4067 2250 4123 quia]
2272 4081 2390 4108 eras.
2413 4069 2473 4108 F2

476 4144 532 4152 —
550 4135 710 4162 omnes
736 4122 765 4162 i.
792 4121 901 4177 col.]
928 4138 952 4160 *
968 4137 990 4160 ,ε
1011 4137 1034 4159 *
1062 4122 1176 4163 bant
1203 4123 1243 4161 F
1263 4145 1317 4153 —
1347 4122 1401 4162 14
1430 4136 1668 4177 nunquam
1694 4138 1717 4161 *
1733 4138 1756 4160 *
1772 4138 1796 4160 *
1826 4121 1971 4162 uisset
1992 4124 2096 4162 F—
2117 4122 2168 4164 15
2191 4122 2299 4177 quia
2345 4126 2384 4164 B
2406 4123 2471 4163 F²

477 4176 558 4231 qui
580 4179 617 4217 F
633 4200 690 4208 --
710 4176 848 4219 iudex
869 4183 915 4218 et
936 4192 960 4215 *
975 4193 998 4215 *
1015 4194 1037 4215 *
1066 4184 1140 4218 rat
1159 4179 1197 4217 F
1214 4200 1268 4209 -—-
1289 4184 1540 4233 propterea
1565 4176 1650 4233 sic]
1675 4183 1840 4233 postea
1861 4178 1923 4217 1⁵⁷2
1957 4177 2003 4217 in
2027 4192 2119 4219 ras.
2146 4201 2202 4209 —
2228 4178 2280 4218 16
2353 4192 2473 4220 anus

477 4248 501 4270 φ(
521 4248 544 4270 *
564 4248 589 4270 π
612 4247 715 4273 sum
731 4235 836 4274 F—
854 4234 904 4273 17
924 4232 1023 4297 eos]
1040 4232 1225 4281 conieci,
1244 4247 1403 4274 eorum
1419 4232 1692 4288 B-utique
1712 4247 1749 4273 e.
1770 4232 1813 4289 a]
1840 4248 1863 4271 *
1880 4248 1903 4271 *
1919 4249 1942 4271 ιε
1965 4239 2013 4273 at
2031 4235 2136 4273 F—
2154 4234 2204 4275 18
2226 4233 2348 4275 sicut
2368 4250 2393 4273 *
2409 4250 2433 4273 π
2448 4250 2473 4273 *

477 4288 560 4329 ede
589 4290 694 4329 F—
733 4290 786 4329 19
811 4303 984 4344 ponam
1011 4302 1042 4331 1.
1077 4288 1198 4344 tuos]
1234 4305 1337 4327 Η*
1368 4291 1406 4329 F
1436 4312 1485 4321 -
1514 4288 1791 4345 scabellum]
1823 4291 1862 4329 B
1884 4289 1947 4329 F2
1973 4288 2224 4330 scabillum
2252 4292 2291 4330 F
2315 4313 2368 4321 ——
2392 4290 2449 4331 Hi

476 4358 592 4385 corr.
622 4344 720 4393 QHi
753 4347 791 4385 B
815 4344 888 4385 uii
925 4346 963 4385 F
986 4368 1039 4376 -
1069 4346 1122 4385 20
1151 4358 1263 4399 ergo
1286 4360 1348 4383 Η
1380 4344 1444 4385 uli
1471 4348 1508 4386 F
1526 4368 1579 4376 —
1602 4344 1754 4400 suam]
1786 4360 1871 4386 om.
1897 4346 1935 4385 F
1960 4368 2012 4375 --
2044 4345 2091 4385 21
2126 4350 2451 4401 apposuerunt

420 4431 422 4433 -
476 4401 514 4440 Β
533 4400 597 4440 1⁷2
618 4400 781 4456 adpos.
801 4402 906 4441 F—
923 4400 1005 4442 sed
1027 4400 1306 4456 avertentes]
1333 4416 1356 4438 *
1377 4416 1399 4438 *
1419 4416 1440 4442 s
1463 4403 1567 4441 F—
1592 4400 1757 4441 faciem
1782 4400 1933 4456 suam]
1962 4400 2103 4441 facies
2125 4402 2162 4441 F
2177 4424 2234 4432 —
2254 4401 2307 4442 22
2329 4401 2473 4442 corda

476 4468 502 4495 a
524 4470 549 4492 *
572 4471 597 4493 ιν
622 4460 693 4497 tes
722 4458 761 4497 F
785 4479 841 4488 --
872 4455 1246 4511 relinquendum]
1275 4455 1405 4511 reliq.
1442 4457 1477 4496 F
1500 4479 1557 4488 —-
1585 4457 1638 4497 24
1659 4455 2033 4512 praevertet-unt]
2066 4471 2088 4494 *
2115 4461 2166 4497 nt
2191 4458 2302 4497 F—
2328 4456 2470 4515 quae]

475 4511 664 4561 correxi,
690 4526 777 4568 que
796 4512 864 4552 F3
882 4527 998 4568 quos
1020 4515 1059 4553 B
1077 4515 1115 4553 F
1131 4535 1182 4543 —
1206 4511 1306 4568 Dei]
1333 4515 1371 4553 F
1387 4527 1472 4553 om.
1493 4515 1532 4553 B
1558 4536 1613 4544 —
1634 4511 1749 4552 verb
1772 4528 1796 4550 *
1812 4527 1835 4550 *
1858 4511 1976 4553 bunt
1995 4513 2035 4553 F
