2880 5893
1168 1113 1518 1160 TRACTATUS
1549 1114 1631 1157 vn
2343 1115 2393 1158 81

401 1234 527 1281 tres
553 1220 654 1280 isti
695 1243 927 1280 menses
969 1221 1292 1302 nonaginta
1327 1220 1456 1277 dies
1494 1220 1736 1290 faciunt,
1780 1240 1851 1276 ex
1889 1218 2109 1297 quibus
2141 1219 2399 1298 quadra-

403 1313 570 1395 ginta
609 1325 743 1371 ante
790 1312 1129 1391 passionem
1171 1312 1389 1389 quibus
1425 1332 1455 1368 a
1495 1309 1736 1367 diabolo
1776 1321 2039 1368 tentatur
2080 1309 2394 1384 DominuS‚

404 1416 463 1462 et
497 1404 930 1485 quinquaginta
958 1415 1095 1482 post
1123 1402 1622 1461 resurrectionem
1650 1402 1867 1479 quibus
1892 1400 2188 1480 suppletis
2211 1401 2400 1480 Spiri-

401 1507 530 1553 tum
558 1498 839 1555 Sanctum
876 1495 1261 1552 credentibus
1300 1492 1479 1551 misit.
1511 1492 1785 1572 Denique
1821 1505 1959 1571 post
1992 1493 2138 1550 haec
2165 1505 2399 1572 tempo-

402 1587 487 1644 ris
512 1586 703 1665 spatia
733 1597 1041 1665 percepto,
1079 1597 1144 1644 ut
1172 1585 1317 1655 dixi,
1351 1587 1569 1642 Sancto
1606 1584 1855 1662 Spiritu,
1887 1584 2182 1642 universis
2211 1584 2398 1664 genti-

404 1677 518 1735 bus
574 1677 836 1735 innotuit
889 1676 991 1755 qui
1038 1688 1165 1734 erat
1218 1676 1375 1755 apud
1431 1675 1614 1732 Israel
1670 1674 1733 1732 in
1792 1675 1924 1756 lege
1982 1687 2039 1733 et
2086 1676 2399 1755 prophetis

407 1770 760 1828 absconsuS.

488 1858 665 1916 Tibin
702 1870 896 1916 autern
926 1858 985 1915 in
1024 1880 1142 1937 quo
1172 1858 1387 1915 missus
1425 1870 1514 1915 est
1549 1858 1742 1915 infans
1788 1871 1843 1916 et
1880 1858 1953 1916 ad
1981 1858 2172 1936 ripam
2208 1857 2402 1916 flumi-
2432 1850 2433 1853 ¹

407 1949 502 2008 nis
543 1962 635 2008 est
672 1950 927 2028 posituS‚
974 1962 1178 2028 typum
1221 1962 1456 2007 sanctae
1496 1949 1694 2027 plebis
1732 1951 2045 2028 perspicue
2072 1949 2397 2009 indicabat.

412 2041 587 2099 Tibin
618 2042 774 2099 enirn
806 2064 995 2123 genus
1032 2054 1122 2099 est
1156 2042 1377 2098 vasculi
1406 2041 1465 2098 in
1506 2041 1743 2098 modurn
1780 2041 1988 2098 scrinii
2022 2063 2094 2098 ex
2124 2041 2400 2121 virgultis

410 2132 750 2213 agrestibus
795 2144 1160 2189 contextum.
1209 2134 1480 2210 Denique
1529 2133 1643 2189 hoc
1686 2132 1988 2188 vasculum
2032 2154 2103 2189 ex
2146 2133 2399 2190 hebraea

411 2223 614 2304 lingua
647 2223 749 2281 alii
776 2245 1035 2302 capsam,
1077 2224 1175 2281 alii
1210 2223 1480 2280 cistolam
1510 2224 1886 2301 interpretati
1916 2236 2076 2294 sunt,
2107 2224 2267 2301 quod
2295 2247 2402 2281 nos

414 2314 777 2393 expressim,
833 2327 898 2371 ut
945 2315 1060 2371 iam
1110 2314 1254 2384 dixi,
1313 2314 1599 2371 scrinium
1656 2315 2047 2392 appellamuS,
2096 2315 2233 2394 quia
2281 2315 2404 2373 illic

414 2406 610 2463 omnia
646 2405 798 2484 legis
847 2428 1057 2463 arcana
1095 2406 1158 2462 in
1206 2407 1420 2484 Xpisto
1462 2418 1631 2463 erant
1667 2407 1945 2483 reposita.
1978 2408 2122 2464 Nam
2159 2419 2216 2464 et
2254 2407 2407 2465 sicut

414 2497 530 2554 hoc
572 2519 673 2554 vas
712 2497 866 2554 tibin
910 2497 1132 2554 dicitur
1174 2503 1319 2570 [....]
1361 2497 1479 2554 duo
1520 2510 1655 2555 sunt
1694 2497 1851 2554 enim
1888 2519 2109 2576 genera
2150 2497 2402 2580 ignium,

415 2608 598 2644 unum
637 2609 707 2644 ex
749 2588 1078 2645 tentatione
1127 2588 1373 2668 maligni
1414 2610 1531 2666 quo
1570 2588 1758 2645 virtus
1802 2588 2124 2666 patientiae
2169 2601 2407 2646 nostrae

416 2678 857 2754 persecutionis
886 2691 1048 2737 aestu
1087 2680 1396 2757 probatur,
1438 2680 1575 2757 quia
1617 2678 1858 2756 Oportet
1889 2702 2007 2749 νοε,
2058 2680 2274 2758 inquit,
2301 2702 2412 2758 per

416 2769 639 2825 multas
669 2770 1080 2827 tribulationes
1115 2774 1358 2827 introire
1393 2776 1451 2827 ίη
1475 2792 1720 2849 regnum
1758 2770 1937 2843 Dei¹3
1970 2784 2029 2828 et
2067 2772 2316 2829 alterum
2342 2792 2413 2828 ex

419 2857 628 2929 divini,
663 2872 728 2917 ut
757 2881 932 2938 saepe
966 2860 1110 2932 dixi,
1145 2860 1405 2939 Spiritus
1434 2862 1623 2943 gratia
1655 2883 1774 2940 quo
1795 2861 2061 2919 fidelium
2097 2874 2414 2919 mentes·et

420 2970 607 3027 usque
637 2950 710 3007 ad
738 2951 914 3008 finem
945 2953 1455 3030 perseverantium
1483 2952 1897 3012 inlustrantur.

504 3041 623 3098 Sed
676 3063 784 3122 age
837 3064 994 3101 nunc
1037 3043 1341 3101 videamus
1386 3065 1495 3101 cur
1531 3045 1605 3101 ad
1646 3046 1835 3122 ripam
1878 3042 2141 3101 fluminis
2177 3046 2414 3122 Moyses

422 3130 615 3188 infans
652 3132 829 3191 fuerit
868 3134 1193 3213 expositus
1236 3134 1486 3192 Mirifice
1533 3157 1672 3192 sane
1709 3135 1928 3192 dictum
1972 3148 2061 3192 est
2095 3136 2230 3204 hoc,
2280 3137 2418 3213 quia

425 3242 543 3278 non
574 3223 714 3280 alibi
734 3225 1047 3293 Dumium,
1088 3226 1255 3283 cuius
1292 3229 1526 3304 Moyses
1557 3239 1760 3304 typum
1790 3226 2087 3296 induerat,
2129 3248 2306 3304 quam
2342 3226 2415 3284 ad

428 3311 647 3372 flumen
679 3315 894 3373 lavacri
932 3329 991 3375 et
1021 3317 1094 3375 ad
1131 3339 1341 3395 aquam
1374 3317 1748 3395 baptismatis
1778 3340 1807 3374 a
1844 3319 2231 3375 credentibus
2261 3318 2418 3375 inve-

428 3404 607 3461 nitur.
639 3406 814 3478 Quod
842 3420 1036 3465 autem
1062 3408 1335 3486 plorabat
1369 3408 1565 3471 infans
1597 3407 1975 3488 significabat
2003 3409 2138 3487 quia
2172 3409 2419 3488 Xpistus

426 3494 643 3552 veteris
670 3497 932 3555 hominis
959 3512 1200 3577 peccata
1230 3498 1508 3559 deflebat.
1550 3500 1718 3558 Unde
1748 3512 1806 3557 et
1832 3500 1906 3557 ad
1942 3502 2421 3559 resuscitandum

486 3678 526 3719 1.
558 3677 671 3718 Aer.
701 3675 815 3726 xlv,
839 3675 910 3716 22.

486 3831 509 3872 1
534 3827 738 3886 menses]
758 3829 798 3869 B
818 3826 875 3868 10'2
901 3823 1073 3867 mensis
1092 3826 1199 3866 F—
1223 3825 1247 3865 2
1306 3822 1462 3879 uibus]
1491 3822 1686 3865 iniuncti
1703 3826 1743 3865 F
1771 3824 2007 3867 seiunctus
2030 3826 2089 3867 ΡΞ
2111 3850 2167 3858 ——
2194 3825 2421 3883 tentatur]

430 3885 607 3942 scripsi,
651 3885 909 3940 temptatus
967 3884 1007 3922 B
1039 3884 1083 3921 et
1131 3880 1262 3922 subin
1300 3894 1322 3920 e
1364 3885 1587 3921 temtatur
1637 3882 1674 3920 F
1715 3904 1771 3912 --
1819 3883 1844 3921 3
1887 3880 2078 3938 quibus]
2123 3896 2241 3925 eras.
2285 3884 2324 3923 F
2375 3905 2425 3914 —

431 3945 456 3984 5
533 3955 634 3982 erce
670 3938 737 3996 to]
764 3936 1026 3995 praemisso
1057 3937 1095 3976 F
1123 3960 1180 3966 —
1217 3934 1435 3991 gentibus
1474 3934 1695 3991 innotuit]
1734 3950 1823 3991 gen
1855 3952 1879 3974 ψ(
1903 3953 1927 3974 *
1962 3939 1999 3979 F
2035 3960 2085 3968 --
2122 3939 2148 3977 6
2182 3936 2427 3993 prophetis

432 4013 473 4039 a.
497 3956 633 4039 {ibin
678 4008 799 4052 prop
826 4010 850 4032 *
866 4009 926 4032 ae*
944 3995 1047 4034 F—
1069 3993 1093 4033 8
1120 3991 1181 4032 ad
1203 4005 1241 4032 r.
1266 3989 1492 4046 fluminis]
1518 4006 1542 4029 ιν
1560 4007 1584 4029 *
1605 4007 1629 4029 ψ
1651 3994 1758 4032 F-
1781 3995 1807 4033 9
1830 3991 1919 4048 est]
1945 4006 2063 4034 eras.
2086 3993 2143 4034 F2
2166 4017 2222 4023 —
2246 3992 2427 4048 perspi-

433 4067 517 4095 cue
544 4052 640 4094 ind.
692 4067 716 4089 ιν
735 4067 759 4089 *
784 4052 823 4092 F
840 4073 894 4081 —
918 4049 969 4089 10
995 4048 1041 4089 in
1074 4060 1119 4088 m
1140 4063 1163 4085 *
1178 4063 1202 4085 *
1218 4062 1242 4085 νε
1258 4062 1282 4085 *
1304 4046 1448 4101 gultis
1466 4049 1503 4086 F
1521 4069 1577 4077 —
1598 4045 1646 4086 11
1673 4046 1958 4103 contextum]
1985 4053 2159 4089 textum
2184 4051 2222 4089 F
2237 4073 2294 4079 —-
2315 4047 2429 4089 Deni

435 4124 537 4148 Η*
560 4122 615 4149 ex
694 4130 748 4138 —
766 4105 819 4146 12
839 4104 920 4146 alii
942 4102 1177 4158 cistolam]
1212 4118 1276 4141 *a*
1302 4104 1339 4142 F
1366 4124 1417 4133 —
1449 4101 1501 4141 13
1528 4115 1583 4142 ex
1620 4116 1692 4142 res
1730 4118 1752 4140 *
1771 4119 1872 4141 *se*
1904 4117 1995 4147 scr.
2028 4106 2065 4143 F
2089 4128 2143 4136 —
2173 4103 2288 4160 illic]
2314 4103 2425 4144 add.

434 4169 570 4205 erant
593 4166 631 4204 B
651 4186 707 4194 —-
728 4162 783 4203 14
812 4158 968 4202 omnia
998 4157 1137 4254 legisi]
1172 4173 1193 4196 *
1215 4173 1239 4195 *
1266 4159 1304 4197 F
1331 4180 1386 4188 -·
1408 4171 1581 4198 arcana
1623 4157 1811 4199 decreta
1833 4161 1871 4199 F
1887 4183 1944 4190 -—
1965 4158 2115 4215 erant]
2144 4173 2231 4200 om.
2253 4162 2291 4200 F
2309 4183 2364 4190 —
2386 4163 2431 4200 et

436 4219 557 4261 sicut
586 4216 693 4275 hoc]
727 4233 751 4255 *
771 4233 835 4256 Η
865 4218 903 4258 F
934 4238 984 4246 —
1017 4215 1069 4255 15
1136 4212 1294 4268 icitur]
1342 4213 1461 4253 Cave
1503 4211 1747 4254 lacunam!
1774 4237 1831 4245 —-
1873 4220 1981 4255 sunt
2009 4229 2113 4253 Η*
2150 4213 2279 4255 nium
2315 4218 2352 4256 F
2376 4237 2432 4246 —

435 4276 488 4317 16
507 4273 703 4329 maligni
727 4288 772 4329 q.
799 4270 967 4327 virtus]
991 4284 1067 4311 ma
1091 4284 1185 4308 *mr
1206 4270 1244 4309 F
1263 4291 1312 4299 -
1333 4268 1383 4309 17
1408 4272 1540 4309 aestu
1560 4269 1657 4325 pr.]
1684 4283 1731 4309 es
1756 4284 1780 4307 ν(
1796 4285 1818 4308 *
1835 4271 1872 4309 F
1894 4293 1944 4301 -
1967 4284 2048 4310 vos
2071 4268 2240 4325 inquit]
2266 4269 2430 4325 inquid

437 4346 519 4373 vos
543 4330 711 4372 F-18
734 4328 854 4370 mult
875 4343 899 4365 *
915 4342 938 4365 *
958 4326 1030 4366 nis
1054 4327 1156 4381 (pro
1175 4323 1454 4379 nes)F-et
1475 4337 1501 4365 a
1523 4340 1547 4362 κ
1568 4340 1590 4362 *
1612 4340 1634 4362 ιι
1660 4324 1755 4365 vini
1780 4327 1880 4365 F—
1899 4326 1951 4368 19
1970 4324 2080 4381 quo]
2106 4328 2143 4366 B
2165 4326 2222 4366 [³2
2250 4325 2374 4381 quod
2396 4327 2435 4366 F

435 4411 491 4419 —
512 4390 687 4428 mentes
711 4390 756 4425 et
776 4381 943 4439 usque]
968 4387 1119 4422 mente
1138 4396 1162 4418 *
1184 4395 1205 4417 *
1224 4395 1249 4417 νε
1271 4380 1310 4420 F
1326 4402 1382 4410 —
1402 4380 1456 4420 20
1482 4379 1691 4436 inlustr.]
1720 4381 1759 4420 F
1786 4380 1958 4422 illustr.
1982 4384 2021 4422 B
2041 4405 2098 4412 —
2127 4382 2176 4421 21
2209 4381 2299 4422 Sed
2322 4380 2427 4437 age]

437 4458 461 4481 ,ι
481 4458 505 4481 ,ρ
526 4443 564 4483 F
581 4465 637 4473 --
657 4439 821 4482 flumin
844 4455 868 4477 ,υ
884 4454 908 4476 *
937 4451 1010 4479 ses
1033 4438 1071 4477 F
1093 4459 1148 4466 —
1173 4435 1224 4475 22
1253 4434 1379 4488 sane]
1406 4448 1459 4475 sa
1490 4451 1514 4473 π
1536 4436 1574 4475 F
1599 4459 1655 4466 —-
1687 4436 1740 4476 24
1762 4435 1959 4492 lavacri]
1984 4439 2023 4477 B
2044 4437 2102 4477 F2
2132 4436 2284 4477 lavari
2314 4439 2352 4477 F
2376 4461 2432 4468 —

433 4499 488 4540 25
512 4494 829 4553 significahat]
862 4507 947 4535 om.
973 4495 1012 4534 F
1038 4490 1215 4532 indicat
1235 4491 1293 4531 ΡΞ
1318 4513 1376 4521 -
1405 4491 1457 4531 26
1486 4490 1711 4548 hominis]
1736 4493 1775 4532 B
1802 4492 1861 4532 1⁵¹2
1888 4505 1990 4535 ...es
2012 4494 2051 4533 F
2078 4498 2122 4534 et
2147 4491 2258 4536 add.
2292 4506 2433 4548 quem

435 4552 668 4596 induerat.

533 4632 730 4668 Rumor..
757 4649 806 4660 —
833 4630 1015 4665 Truentus
1036 4626 1213 4675 origenis.
2316 4627 2338 4661 ⁶

2440 2060 2486 2096 10

2446 2516 2492 2551 15

2449 2970 2499 3005 20

2455 3427 2504 3462 25
