2880 5893
458 1079 511 1122 12
1120 1081 1469 1125 TRACTATUS
1499 1081 1779 1127 ORIGENIS

460 1205 592 1242 cum
643 1185 1097 1242 inaestimabilis
1137 1184 1379 1245 dicitur.
1431 1185 1692 1264 Spiritus
1742 1185 1899 1244 enim
1950 1186 2444 1258 inaestimabilis»,

457 1273 1086 1353 incomprehensibilis
1130 1289 1188 1333 et
1229 1275 1674 1346 inenarrabilis,
1724 1277 1947 1356 ubique
1985 1289 2147 1337 totus
2193 1289 2253 1337 et
2295 1300 2447 1337 unus

459 1377 571 1436 est,
614 1379 899 1444 quantum
939 1368 1195 1425 humana
1235 1388 1400 1424 mens
1443 1369 1787 1438 aestimare,
1834 1369 2346 1448 comprehendere
2391 1382 2450 1427 et

458 1456 708 1515 definire
760 1478 877 1515 non
936 1456 1172 1516 sufficit.
1225 1461 1302 1515 Et
1350 1458 1485 1516 ideo
1536 1458 1869 1529 timenduS‚
1929 1460 2337 1519 observandus
2392 1472 2450 1518 et

460 1548 797 1607 adorandus
830 1562 955 1619 est,
989 1549 1127 1627 quia
1156 1552 1316 1607 Deus
1353 1549 1517 1608 credi
1555 1550 1741 1632 magis
1770 1551 1986 1621 voluit,
2020 1573 2137 1609 non
2168 1551 2443 1611 iudicari.

513 1794 539 1834 2
562 1792 768 1836 inenarr.
814 1791 1052 1837 inennarr.
1077 1795 1114 1834 F
1133 1817 1188 1825 -
1210 1795 1235 1834 3
1259 1793 1467 1836 humana
1488 1794 1640 1866 mens]
1663 1793 1723 1836 sit
1754 1794 1989 1851 homolsss
2017 1799 2055 1838 F
2080 1810 2138 1838 ecc
2163 1795 2370 1838 humana
2402 1799 2450 1837 ut

460 1847 551 1890 vid.
574 1871 629 1880 --
649 1849 677 1889 4
698 1847 755 1890 de
793 1847 912 1905 nire]
938 1852 977 1891 F
994 1848 1191 1892 diffinire
1212 1852 1252 1891 Β
1270 1874 1326 1880 -
1342 1852 1368 1890 5
1390 1849 1521 1906 qnia]
1546 1853 1584 1891 Β
1602 1853 1628 1891 I·
1645 1850 1666 1881 3
1691 1864 1781 1907 que
1803 1854 1842 1893 F
1858 1851 1938 1908 qui
1961 1852 2031 1893 Ν
2055 1876 2112 1883 —-
2137 1851 2446 1950 magiskadd.

459 1918 508 1945 se
530 1907 569 1945 Β
589 1906 629 1945 F
644 1908 687 1944 et
702 1906 921 1960 expunxit
938 1908 1044 1946 Β-
1057 1904 1274 1962 iudicari]
1296 1904 1510 1961 Sequitur
1531 1904 1781 1962 doz-alogia
1805 1920 1815 1949 :
1835 1906 1933 1962 Ipsi
1956 1906 2012 1964 (Β
2025 1909 2087 1948 F2
2106 1908 2208 1963 ipse
2228 1906 2281 1965 F)
2335 1921 2450 1950 onor

458 1965 505 2002 et
525 1959 677 2016 gloria
697 1959 743 2001 in
767 1959 956 2002 saecula
987 1961 1294 2004 saeculorum.
1318 1959 1438 2003 Add.
1466 1963 1505 2002 Β
1527 1962 1590 2002 F²
1609 1975 1760 2014 amen,
1785 1976 1872 2005 om.
1898 1965 1936 2004 F
