2880 5893
1116 1117 1467 1162 TRACTATus
1498 1119 1597 1162 xvl
2257 1119 2338 1161 179

345 1222 667 1292 Ecclesiae,
716 1222 1039 1280 stabulario
1083 1221 1145 1280 id
1193 1233 1282 1280 est
1323 1222 1536 1305 angelo
1592 1222 1890 1281 Ecclesiae
1937 1223 2334 1306 consignavit,

345 1312 498 1370 datis
547 1312 620 1370 ad
668 1334 868 1370 curam
912 1312 1145 1370 duobus
1189 1313 1451 1371 denariis
1496 1336 1507 1370 :
1548 1313 1666 1370 duo
1712 1313 1941 1371 scilicet
1983 1313 2340 1371 numismata

341 1403 587 1485 regalia,
620 1402 682 1461 id
721 1416 812 1461 est
840 1404 1034 1462 Patris
1075 1416 1134 1461 et
1156 1404 1296 1462 Filii
1345 1403 1811 1482 inscriptionem
1845 1404 2147 1465 habentia.
2181 1407 2339 1462 Haec

348 1506 437 1552 est
470 1493 762 1553 medicina
800 1495 1084 1573 perfecta,
1120 1496 1266 1553 haec
1294 1496 1445 1553 ratio
1479 1495 1805 1553 curationis
1842 1517 1994 1574 quae
2031 1508 2090 1553 et
2124 1516 2340 1574 corpus

348 1597 406 1642 et
442 1585 693 1643 animam
734 1597 933 1663 potest
968 1586 1042 1642 ab
1079 1586 1241 1643 omni
1282 1585 1624 1644 infirmitate
1660 1586 1938 1644 liberare.
1980 1588 2131 1660 Qua,
2171 1608 2342 1644 sanc·
2379 1609 2403 1643 5

348 1675 566 1733 tissimi
632 1675 866 1745 fratres,
939 1689 1228 1754 quantum
1290 1698 1607 1754 possumus
1675 1677 1819 1735 boni
1894 1698 1960 1735 ac
2040 1676 2338 1745 beneficii,

351 1767 612 1824 animum
658 1778 1036 1845 mentemque
1075 1767 1393 1836 foveamuS‚
1434 1779 1498 1824 ut
1535 1789 1673 1824 vere
1711 1767 1837 1825 sani
1877 1780 1936 1825 et
1971 1767 2174 1825 felices
2210 1780 2343 1825 ante

352 1870 736 1936 conspectum
768 1857 880 1916 Dei
907 1857 1094 1936 patris
1131 1857 1560 1937 omnipotentis
1588 1879 1719 1916 esse
1746 1858 2013 1938 possitis,

410 2102 430 2143 1
456 2102 699 2160 ecclesiae]
724 2101 848 2145 edixi
870 2104 910 2144 F
927 2126 982 2135 —
1002 2102 1319 2160 consignavit]
1344 2102 1574 2159 consigna
1601 2102 1647 2159 ll
1668 2105 1708 2145 F
1723 2126 1781 2135 —
1801 2104 1826 2145 2
1852 2102 1975 2147 datis
1999 2103 2077 2161 ad]
2100 2120 2124 2143 «ι
2139 2120 2163 2143 *
2187 2103 2216 2145 d
2238 2106 2278 2146 F
2297 2128 2346 2138 —

355 2158 574 2200 denarius
593 2160 631 2199 F
645 2182 693 2190 —
708 2157 904 2216 scilicet]
930 2158 1009 2200 isti
1030 2158 1140 2200 licet
1159 2160 1198 2199 F
1215 2182 1270 2190 —
1286 2158 1571 2201 numismata
1617 2158 1810 2214 correxi,
1837 2158 2122 2201 nummisma
2141 2162 2180 2202 B
2198 2176 2221 2199 ψ
2241 2162 2280 2201 F
2295 2183 2352 2191 —

355 2215 381 2255 3
412 2213 610 2270 regalia]
645 2227 720 2255 res
751 2213 879 2270 galia
908 2216 947 2255 F
971 2237 1026 2246 -
1048 2213 1172 2271 Filii]
1199 2214 1309 2257 add.
1342 2219 1389 2257 et
1417 2216 1508 2257 BF
1533 2237 1587 2247 —
1616 2213 1991 2272 inscriptionem]
2030 2214 2155 2271 scrip
2189 2232 2213 2255 *
2243 2217 2353 2256 F—

356 2285 381 2308 *
406 2269 565 2311 bentia
594 2270 704 2311 F—
724 2270 752 2311 4
774 2285 798 2308 *
823 2268 1002 2311 acionis
1028 2272 1068 2312 F
1089 2293 1140 2302 —
1166 2272 1191 2311 5
1223 2269 1344 2326 Qua]
1379 2269 1571 2320 correxi,
1597 2283 1685 2326 que
1714 2272 1755 2312 F
1779 2284 1917 2327 quem
1947 2274 1986 2312 Β
2014 2294 2069 2303 -
2097 2272 2123 2312 6
2153 2270 2286 2367 boni]
2317 2273 2356 2313 F

356 2339 440 2366 om.
463 2327 502 2366 B
518 2349 574 2357 —
595 2323 806 2367 beneficii
854 2326 893 2367 F
907 2324 1185 2367 beneficium
1207 2327 1246 2367 B
1263 2349 1317 2357 —
1341 2326 1364 2367 7
1382 2324 1592 2367 animum
1610 2330 1812 2369 mentem
1831 2326 1939 2383 que]
1962 2326 2038 2369 ani
2055 2343 2079 2366 *
2095 2342 2119 2366 *
2139 2328 2178 2367 F
2191 2350 2245 2359 —-

356 2381 396 2421 F
412 2404 467 2412 —
488 2382 514 2422 8
536 2398 560 2419 ιι
585 2379 663 2422 itis
684 2382 724 2422 F
740 2404 796 2412 —
851 2379 1013 2437 :eplicit
1030 2379 1129 2423 sine
1146 2379 1411 2437 doxologice.

2283 2340 2350 2368 Θ*
