2880 5893
536 1070 590 1110 ⁵6
1200 1069 1547 1113 TRACTATUS
1577 1070 1855 1113 ORIGENJS

541 1192 703 1227 more
740 1184 1073 1249 correptus.
1112 1172 1229 1230 Ubi
1258 1193 1401 1253 ergo
1438 1185 1497 1230 et
1528 1173 1766 1251 quando
1802 1174 1947 1230 haec
1990 1170 2332 1230 benedictio
2365 1193 2530 1229 com-

540 1261 825 1338 plebitur,
856 1263 973 1319 nisi
1013 1263 1075 1320 in
1107 1284 1291 1344 regno
1316 1263 1450 1334 Dei,
1484 1265 1585 1321 ubi
1615 1275 1707 1321 est
1742 1263 2103 1322 abundantia
2148 1263 2431 1321 frumenti
2470 1275 2530 1321 et

539 1352 661 1409 vini
710 1365 767 1410 et
826 1353 981 1410 olei?
1025 1355 1251 1431 Sponte
1295 1354 1452 1411 enim
1496 1355 1726 1433 frugem
1783 1367 1941 1411 terra
2006 1353 2171 1411 dabit
2223 1367 2281 1412 et
2338 1353 2533 1411 omnis

542 1442 763 1500 malitia
792 1444 1113 1516 auferetur,
1155 1444 1308 1502 sicut
1335 1444 1483 1502 dicit
1517 1445 1699 1503 Isaias
1738 1469 1752 1505 ε
1792 1447 1863 1502 In
1893 1446 2030 1516 illis,
2070 1444 2289 1522 inquit,
2328 1446 2535 1502 diebus

478 1555 503 1590 5
541 1535 641 1592 bos
667 1549 722 1591 et
756 1534 844 1593 leo
869 1535 1056 1592 simul
1074 1536 1293 1613 paleas
1328 1536 1795 1606 manducabant,
1831 1536 2004 1614 lupus
2034 1550 2090 1593 et
2126 1557 2318 1614 agnus
2353 1536 2538 1593 simul

456 2012 503 2047 1⁰

459 2465 505 2500 15

534 1638 877 1705 pascentur,
928 1639 984 1682 et
1017 1648 1172 1704 puer
1213 1626 1470 1705 pusillas
1521 1631 1705 1683 mittet
1750 1648 1989 1683 manum
2018 1648 2189 1683 suam
2239 1631 2298 1682 in
2344 1626 2536 1684 cubile

540 1716 786 1794 aspidis,
833 1730 892 1774 et·
915 1739 1030 1775 non
1070 1717 1299 1774 nocebit
1335 1738 1467 1775 eam
1494 1718 1537 1777 ¹.
1578 1719 1779 1775 Talem
1823 1717 1981 1775 enim
2026 1715 2311 1774 mundum
2344 1716 2537 1775 refor-

542 1807 725 1864 mabit
760 1809 920 1864 Deus
960 1807 1017 1864 in
1056 1830 1244 1888 regno
1281 1830 1410 1879 5υο,
1454 1807 1648 1886 qualis
1685 1808 1872 1865 factus
1901 1820 1992 1865 est
2039 1808 2112 1865 ab
2157 1807 2330 1865 initio
2367 1820 2537 1865 ante-

541 1919 717 1976 quam
751 1898 1157 1976 protoplastus
1192 1899 1370 1956 homo
1398 1899 1797 1978 delinqueret.
1839 1899 1955 1971 Qui
1989 1911 2309 1977 postquam
2336 1911 2534 1957 trans-

541 2010 781 2071 gressus
810 2001 900 2047 est
929 1991 1174 2047 verbum
1210 1990 1344 2060 Dei,
1380 1990 1579 2048 omnia
1615 2001 1891 2068 corrupta
1930 2001 1989 2048 et
2013 1989 2230 2048 violata
2258 2002 2318 2048 et
2353 1991 2538 2048 male-

540 2079 697 2137 dicta
734 2093 892 2150 sunt,
921 2080 1156 2137 dicente
1184 2080 1442 2139 Domino
1474 2104 1486 2138 ε
1517 2081 1840 2139 Maledicta
1876 2095 2039 2138 terra
2068 2087 2128 2137 in
2162 2102 2336 2159 opere
2363 2093 2462 2138 tuo
2489 2082 2534 2141 ².

541 2171 868 2229 Praeterita
896 2192 1040 2252 ergo
1073 2171 1259 2250 figura
1286 2172 1462 2229 huius
1493 2172 1722 2241 mundi,
1754 2193 2003 2253 regnum
2048 2184 2387 2229 sanctorum
2424 2171 2540 2229 erit

541 2273 599 2319 et
626 2261 902 2319 liberatio
939 2276 1264 2320 creaturae.
1306 2264 1461 2320 Haec
1490 2275 1579 2319 est
1599 2262 1957 2333 ,benedictio
1986 2284 2137 2340 quae
2166 2262 2538 2343 praefigura-

542 2353 715 2409 batur
742 2352 803 2408 in
836 2353 1031 2423 Jacob,
1065 2374 1238 2431 quam
1269 2354 1486 2431 loseph
1516 2353 1734 2410 meruit
1770 2366 2210 2431 consequenter
2246 2366 2305 2411 et
2345 2353 2539 2411 sancti

543 2464 749 2501 omnes
776 2444 877 2521 qui
909 2443 1086 2500 fidem
1114 2444 1311 2522 Xpisti
1335 2444 1703 2514 custodiunt,
1745 2444 1899 2502 sicut
1926 2444 2053 2522 ipse
2081 2444 2371 2502 Dominus
2401 2445 2484 2502 ait
2515 2467 2528 2501 :

542 2534 788 2591 Faciam
829 2556 926 2592 vos
969 2533 1307 2591 recumbere
1356 2556 1490 2592 cam
1546 2534 1881 2604 Abraham,
1926 2537 2104 2592 Isaac
2153 2548 2208 2591 et
2256 2534 2434 2592 Iacob
2475 2539 2538 2591 in

544 2645 724 2704 regno
750 2625 1073 2695 caelorum,
1105 2637 1158 2682 et
1181 2625 1347 2702 filius
1381 2627 1632 2683 hominis
1667 2627 2026 2684 ministrabit
2057 2627 2218 2684 vobis
2243 2626 2285 2681 3.

629 2717 748 2773 Sed
793 2715 907 2773 iam
960 2737 1145 2793 pauca
1203 2716 1276 2773 de
1329 2716 1529 2774 multis
1582 2717 1804 2774 dixisse
1850 2715 2122 2774 sufficiat.

604 2889 645 2932 1.
678 2889 743 2931 Is.
767 2888 843 2940 XI,
867 2890 954 2931 7-9.

606 2946 647 2987 2.
678 2943 797 2987 Gen.
817 2944 899 2995 111,
923 2944 992 2987 17.

604 3001 645 3041 3.
674 2999 795 3042 Mu.
821 2999 944 3050 VIII,
970 2999 1019 3041 11
1040 3003 1084 3041 et
1105 2999 1218 3043 Luc.
1246 2999 1343 3050 XII,
1363 3001 1432 3042 37.

609 3199 629 3239 1
652 3211 818 3253 correp
843 3214 937 3236 *ae*
959 3211 1019 3253 go
1041 3200 1146 3238 F—
1168 3198 1420 3255 compleb.]
1442 3201 1481 3240 F
1498 3198 1714 3263 conpleb.
1738 3202 1777 3240 B
1798 3223 1852 3230 —
1877 3199 2093 3254 compleb
2116 3216 2141 3238 *
2156 3216 2181 3238 *
2205 3198 2251 3241 in
2274 3202 2314 3240 F
2333 3223 2382 3231 —
2406 3199 2432 3240 2
2454 3203 2528 3241 est

552 3269 636 3295 om.
656 3257 705 3304 F,
730 3259 833 3309 post
849 3252 1022 3295 abund.
1050 3251 1269 3310 supplevit
1286 3254 1349 3295 F²
1375 3278 1425 3285 -
1446 3259 1491 3295 et
1512 3254 1628 3311 vim]
1646 3271 1707 3293 **
1723 3257 1823 3295 F—
1843 3256 1867 3295 3
1890 3254 1950 3295 de
1966 3270 1991 3293 νε
2014 3259 2061 3296 et
2076 3257 2115 3296 F
2135 3278 2189 3286 ——
2209 3256 2237 3295 4
2260 3254 2393 3297 Sicut
2413 3253 2528 3296 dicit

552 3311 611 3351 F2
631 3308 678 3350 in
701 3323 792 3349 ras.
813 3308 903 3350 Sed
926 3314 972 3349 et
991 3312 1030 3350 B
1058 3333 1115 3340 —-
1145 3307 1306 3365 isaias]
1329 3309 1482 3351 esaias
1502 3312 1606 3351 F—
1629 3314 1653 3351 5
1681 3309 2032 3351 manducabunt
2073 3313 2112 3351 B
2129 3310 2188 3351 F2
2223 3310 2410 3354 ...hant
2430 3313 2470 3351 F
2496 3334 2547 3343 —

553 3367 576 3407 7
602 3363 801 3420 aspidis]
832 3363 1052 3420 aspidum
1073 3366 1111 3405 F
1126 3389 1182 3395 —
1203 3364 1405 3421 nocebit]
1441 3364 1676 3406 nocebunt
1699 3367 1738 3406 F
1754 3389 1807 3396 —
1830 3366 2033 3407 reforma
2068 3365 2122 3422 it]
2146 3369 2186 3407 B
2207 3367 2272 3407 F2
2294 3365 2416 3407 ...vit
2439 3368 2479 3406 F
2494 3388 2552 3397 —-

554 3423 580 3462 9
595 3419 938 3476 protoplastus]
956 3421 1020 3460 Ι”2
1035 3419 1423 3475 prothoplaustus
1436 3424 1475 3462 B
1495 3420 1851 3476 portoplaustus
1865 3423 1904 3462 F
1917 3444 1972 3452 —
1988 3420 2129 3462 homo
2152 3420 2461 3477 delinqueret]
2484 3437 2509 3459 ιε
2524 3437 2549 3459 *

556 3480 628 3517 ret
648 3477 757 3515 F—
775 3480 1020 3530 transgres
1035 3491 1058 3514 *
1080 3491 1102 3514 *
1121 3491 1143 3514 ιιι
1161 3492 1183 3515 *
1208 3474 1365 3517 omnia
1385 3479 1425 3517 F
1446 3499 1496 3507 —
1516 3477 1569 3517 10
1587 3475 1835 3517 maledieta
1858 3475 1984 3531 sunt]
2011 3492 2034 3515 ,ν
2052 3492 2077 3515 ‹ae
2100 3481 2120 3517 t
2138 3479 2245 3517 F—
2261 3476 2311 3519 11
2337 3476 2385 3517 in
2408 3490 2551 3532 opere

565 3530 717 3627 tuoh*
734 3546 757 3569 ιι
785 3530 873 3572 bus
903 3530 996 3571 tuis
1019 3532 1058 3571 F
1073 3554 1126 3562 --
1150 3532 1202 3572 12
1226 3531 1323 3587 figu
1350 3547 1446 3570 *mr
1470 3530 1517 3572 di
1535 3533 1640 3572 F—
1656 3532 1707 3572 13
1729 3531 1945 3573 liberatio
1967 3531 2227 3588 creaturae]
2253 3531 2406 3574 libera
2427 3548 2452 3571 «ι
2471 3548 2494 3571 *
2516 3534 2556 3583 F

557 3611 612 3619 -
690 3600 771 3627 aec
806 3586 894 3643 est]
934 3591 980 3627 et
1011 3586 1125 3627 haec
1154 3588 1194 3627 F
1224 3610 1273 3619 -
1307 3586 1722 3643 praefigurabatur
1746 3586 1794 3628 in
1825 3586 1983 3643 Iacob]
2018 3601 2104 3643 per
2125 3587 2279 3652 figura
2305 3605 2330 3627 ψ
2349 3603 2414 3626 Η
2444 3589 2552 3628 F·-

559 3642 613 3707 l4
628 3641 816 3707 loseph]
833 3649 992 3706 noster
1043 3641 1247 3683 raemisit
1260 3643 1319 3683 ΡΒ
1341 3666 1396 3674 —-
1410 3656 1670 3698 consequen
1686 3659 1711 3682 ,ε
1727 3659 1751 3681 *
1767 3658 1791 3681 ,ι
1807 3659 1830 3682 *
1878 3642 1923 3684 ui
1943 3644 1983 3683 F
1998 3666 2053 3674 -
2069 3643 2122 3684 15
2138 3643 2275 3700 sicut]
2296 3642 2434 3684 sicuti
2449 3644 2554 3683 1³-

559 3697 1109 3809 ¹1¹3⁸3a¹3ffi¹1¹1¹2¹1⁸<12¹1²1v2
1117 3698 1613 3818 hin3222333]*²³ss.².
1624 3700 1863 3794 ῗὲᾝζῑῑ
1878 3712 1993 3795 {³²2}
2002 3698 2330 3811 εῗὲὲῗέἒίἶᾶῗ
2340 3698 2556 3810 §effla-r

558 3807 804 3865 doaz-elogia
824 3820 835 3850 ε
861 3809 954 3850 Deo
977 3807 1102 3863 patri
1130 3807 1437 3864 omnipotenti
1456 3808 1683 3850 maximas
1712 3814 1851 3865 atque
1872 3809 2137 3851 uberrimas
2160 3808 2340 3865 gratias
2364 3808 2442 3865 (ad
2465 3822 2555 3864 que

558 3880 624 3902 Η
656 3864 782 3905 acius
811 3863 867 3919 F)
898 3876 1037 3918 egere
1067 3863 1292 3905 debemus
1323 3878 1409 3919 per
1446 3863 1688 3906 dominum
1723 3870 1940 3906 nostrum
1983 3865 2136 3906 Iesum
2175 3865 2218 3922 (*
2246 3865 2303 3922 F)
2337 3864 2554 3920 Xpistum

559 3918 656 3975 (a)
676 3921 769 3961 BF
