2880 5893
438 2029 483 2063 10

439 2484 483 2518 15

436 2940 483 2973 20

435 3395 485 3430 25

521 1083 575 1125 92
1188 1082 1536 1127 TRACTATUS
1566 1082 1844 1126 ORIGENIS

523 1200 585 1244 ιιι
604 1201 813 1244 tentem
845 1209 942 1245 eos
975 1201 1167 1244 utrum
1190 1192 1250 1244 in
1276 1192 1382 1245 viis
1409 1193 1551 1245 meis
1569 1187 1873 1245 ambulent
1892 1208 2034 1246 :sex
2053 1185 2255 1243 diebus
2286 1208 2512 1243 manna

521 1279 822 1358 colligant,
866 1284 1109 1357 septimo
1148 1293 1346 1336 autem
1384 1282 1476 1337 die
1512 1279 1941 1359 requiescant&
1981 1277 2077 1335 Illi
2122 1289 2329 1335 contra
2365 1280 2514 1335 haec

521 1382 971 1426 contemnentes
999 1382 1383 1449 praeceptum
1422 1369 1673 1448 septima
1711 1369 1808 1427 die
1840 1380 2265 1447 processerunt
2302 1389 2514 1426 manna

523 1460 828 1539 colligere,
871 1460 975 1518 sed
1014 1473 1073 1517 et
1104 1461 1367 1518 sabbatis
1409 1460 1592 1540 ligna,
1625 1473 1687 1518 ut
1732 1462 2023 1538 scriptum
2064 1450 2218 1535 3512,
2263 1458 2515 1539 collige-

523 1552 687 1622 bant,
732 1564 795 1609 ut
831 1551 1034 1609 sciatis
1074 1574 1182 1630 pro
1215 1552 1543 1609 tentatione
1582 1552 1788 1631 populi
1823 1552 2053 1609 sabbati
2086 1551 2260 1609 istius
2301 1550 2512 1617 otium,

523 1664 640 1700 non
669 1664 779 1721 pro
817 1643 1004 1701 salute
1045 1655 1453 1721 praeceptum.
1491 1646 1651 1701 Deus
1696 1642 1915 1700 etenim
1962 1642 2066 1721 qui
2103 1653 2331 1700 mentes
2361 1640 2517 1698 obli-

521 1734 670 1791 viosi
708 1734 915 1811 populi
955 1745 1220 1802 noverat,
1257 1746 1316 1791 et
1352 1734 1513 1812 quod
1548 1735 1766 1815 ingrati
1804 1733 2150 1791 caelestium
2189 1732 2517 1791 beneficio-

513 1839 652 1881 'rum
707 1823 1051 1882 memoriam
1112 1824 1299 1882 divini
1348 1824 1581 1882 timoris
1626 1825 1986 1882 intrinsecus
2028 1846 2146 1881 nou
2196 1824 2514 1894 haberent,

522 1915 834 1993 imperavit
879 1916 964 1973 eis
1009 1916 1191 1974 otium
1240 1917 1493 1987 sabbati,
1531 1916 1668 1974 ‘non
1706 1917 1843 1996 quia
1881 1916 2032 1974 nihil
2072 1915 2370 1996 agendum
2415 1916 2514 1983 sit,

525 2007 628 2063 sed
656 2019 719 2064 ut
754 2007 1012 2085 populus
1042 2008 1114 2064 ab
1145 2007 1474 2064 sceleribus
1504 2008 1630 2065 eius
1658 2008 1749 2064 vel
1776 2029 1893 2064 uno
1922 2007 2018 2064 die
2047 2006 2279 2064 sabbati
2308 2007 2515 2064 saltem

524 2098 950 2176 requiesceret.
982 2101 1057 2156 Et
1083 2099 1220 2156 ideo
1245 2098 1457 2177 religio
1494 2098 1581 2155 illi
1610 2099 2048 2177 praetenditur,
2080 2110 2144 2155 ut
2176 2099 2518 2175 frequenta-

521 2190 682 2246 tione
708 2189 940 2246 sabbati
966 2190 1116 2270 legis
1139 2211 1375 2269 quoque
1396 2190 1587 2268 possit
1615 2190 1856 2247 Domini
1882 2190 2208 2258 recordari,
2241 2202 2298 2247 et
2324 2210 2518 2246 recor-

523 2279 764 2337 datione
786 2280 936 2359 legis
954 2281 1026 2337 ab
1043 2279 1268 2362 flagitio
1287 2283 1572 2339 coerceri.
1592 2281 1874 2359 Alioquin
1897 2280 2266 2338 necessarius
2285 2278 2403 2335 illis
2419 2279 2519 2335 hic

523 2370 650 2428 dies
668 2392 786 2427 non
806 2371 934 2441 fuit,
956 2372 1004 2428 si
1026 2372 1300 2450 exemplo
1319 2385 1583 2430 veterum
1602 2373 2076 2451 patriarcharum
2094 2373 2288 2429 vivere
2305 2370 2519 2428 voluis-

523 2475 676 2531 sent,
710 2473 772 2518 ut
807 2485 1109 2540 nunquam
1146 2464 1218 2520 ab
1251 2485 1454 2521 eorum
1485 2464 1760 2520 sensibus
1797 2462 1977 2519 timor
2010 2461 2120 2520 Dei
2156 2461 2515 2519 discederet.

600 2552 874 2631 Denique
903 2554 1218 2633 religiosus
1246 2554 1345 2611 hic
1374 2554 1502 2611 dies
1533 2567 1712 2625 esset,
1746 2554 1796 2611 si
1825 2555 2000 2612 etiam
2029 2566 2087 2612 et
2111 2553 2521 2633 superioribus

523 2644 796 2722 patribus
841 2645 914 2702 de
955 2645 1201 2702 sabbato
1259 2658 1642 2723 praeceptum
1697 2645 1907 2702 fuisset
1957 2645 2311 2702 iniunctum.
2356 2643 2520 2702 Nihil

524 2736 680 2792 enim
720 2734 793 2791 de
837 2737 1083 2793 sabbato
1123 2736 1490 2814 praecipitur
1529 2736 1715 2804 Adae,
1756 2735 1907 2793 nihil
1955 2737 2109 2793 iusto
2153 2735 2328 2805 Abel,
2369 2733 2520 2792 nihil

527 2828 695 2896 Seth,
740 2827 891 2884 nihil
934 2826 1052 2906 ipsi
1105 2827 1391 2885 translato
1439 2830 1623 2896 Enoc,
1682 2828 1832 2885 nihil
1892 2829 2016 2885 Noe
2070 2827 2171 2904 qui
2234 2827 2398 2884 solus
2449 2827 2522 2883 ad

524 2919 1036 2975 conservationem
1092 2918 1334 2976 humani
1389 2918 1629 2997 generis
1683 2932 1773 2976 est
1829 2931 2181 2975 reservatus.
2242 2917 2414 2976 Unde
2472 2916 2520 2974 si

523 3031 695 3066 causa
726 3008 957 3077 salutiS,
992 3022 1053 3067 ut
1082 3010 1183 3067 isti
1217 3022 1449 3089 putant,
1481 3010 1539 3066 in
1572 3011 1803 3068 sabbati
1843 3009 2258 3067 observatione
2296 3008 2524 3066 consis-

522 3100 617 3171 tit,
645 3100 997 3157 exciderunt
1018 3122 1161 3183 ergo
1189 3123 1219 3158 a
1254 3100 1440 3158 salute
1467 3100 1806 3179 superiores
1836 3100 1937 3179 qui
1971 3100 2215 3157 sabbata
2239 3121 2360 3156 non
2389 3121 2521 3179 ege-

523 3203 696 3266 runt;
727 3204 827 3249 aut
862 3189 911 3249 si
948 3190 1095 3249 salvi
1132 3203 1268 3249 sunt
1295 3191 1423 3249 sine
1453 3193 1724 3262 sabbate,
1755 3191 1900 3270 quid
1930 3191 2180 3270 prodest
2208 3192 2522 3249 sabbatum

524 3282 851 3353 custodire,
908 3283 1036 3340 sine
1075 3283 1242 3340 cuius
1303 3282 1719 3340 observatione
1771 3283 1929 3361 apud
1979 3285 2170 3340 Deum
2227 3282 2418 3340 sancti
2461 3294 2522 3340 et

524 3373 808 3432 inlustres
838 3373 950 3431 viri
977 3374 1316 3432 habentur?

580 3560 619 3601 1.
652 3562 734 3602 Ex.
761 3561 873 3609 XVI,
898 3562 924 3600 [ι
946 3566 987 3601 et
1011 3562 1079 3602 26.

577 3619 619 3659 2.
653 3618 777 3659 NUM.
804 3617 895 3666 XV,
920 3618 988 3659 32.

580 3792 604 3832 2
633 3790 876 3847 colligant]
905 3793 942 3831 B
968 3792 1025 3832 ΓΖ
1051 3792 1288 3846 collegam
1308 3794 1345 3833 F
1364 3797 1408 3833 el
1433 3792 1627 3833 subinde
1648 3817 1703 3824 —
1721 3793 1746 3833 3
1769 3792 2021 3847 coutemn.]
2051 3792 2226 3847 scripsi,
2257 3797 2523 3846 contempn-

523 3849 561 3888 B
580 3849 616 3888 F
631 3869 686 3877 —
705 3852 1009 3901 praeceptum
1031 3841 1263 3903 septima]
1279 3864 1301 3885 *
1323 3864 1345 3885 ψ
1368 3850 1405 3889 F
1419 3872 1469 3880 —
1489 3849 1515 3889 4
1537 3848 1778 3905 colligere]
1805 3848 1924 3889 colle
1948 3865 1970 3885 *
1991 3850 2029 3890 F
2046 3872 2096 3879 —
2121 3847 2202 3889 sed
2222 3852 2266 3888 et
2289 3846 2522 3904 sabbatis]

525 3918 549 3940 ψ
568 3918 593 3940 *
613 3918 637 3940 ψ
661 3905 698 3943 F
714 3926 771 3933 —-
791 3905 815 3942 5
841 3902 1023 3943 sabbati
1072 3905 1108 3943 F
1124 3903 1373 3944 sabbatum
1396 3906 1434 3944 B
1450 3903 1663 3945 —istius
1686 3918 1725 3945 o.
1755 3919 1798 3946 n.
1820 3918 1867 3958 p.
1893 3903 2060 3960 salute]
2089 3920 2112 3942 ,ι
2127 3919 2151 3941 *
2170 3919 2194 3940 *
2214 3920 2237 3940 *
2257 3919 2281 3940 *
2303 3902 2398 3944 lute
2422 3905 2526 3944 F·-

524 3960 550 3999 6
573 3962 749 3999 mentes
777 3971 820 3999 o.
887 3957 1013 4013 opuli
1068 3963 1221 4000 mente
1253 3974 1276 3995 *
1293 3976 1315 3995 *
1336 3975 1359 3996 *
1384 3962 1419 3999 F
1443 3983 1491 3990 —
1525 3961 1547 4000 7
1576 3973 1656 4000 cac
1681 3976 1703 3997 *
1725 3977 1747 3997 ιν
1767 3974 1901 4001 orum
1923 3962 1961 4000 F
1977 3984 2033 3990 -—
2055 3960 2080 4000 8
2103 3958 2386 4000 intrinsecus
2409 3957 2521 4015 non]

525 4030 549 4051 *
568 4029 592 4051 *
616 4016 655 4054 F
672 4036 726 4043 —
748 4015 773 4054 9
797 4027 848 4054 sa
885 4012 980 4054 bati
1007 4028 1048 4077 n.
1077 4027 1123 4076 q.
1147 4014 1283 4070 nihil]
1311 4030 1333 4051 ιι
1355 4031 1375 4051 *
1395 4031 1417 4052 *
1438 4032 1460 4051 *
1484 4017 1588 4055 F—
1612 4016 1663 4055 10
1686 4014 1744 4056 ab
1767 4015 2022 4056 sceleribus
2043 4013 2160 4110 suis}
2181 4014 2274 4055 tale
2297 4029 2329 4069 g
2352 4031 2375 4052 ,ι
2399 4016 2455 4055 F2
2478 4015 2525 4056 in

524 4083 618 4110 ras.
641 4093 696 4132 -ι-
720 4068 906 4164 εειῙῐθωΙ]
933 4083 1109 4124 sertpst,
1143 4069 1300 4134 saltim
1316 4072 1359 4141 vB
1379 4072 1417 4111 F
1434 4094 1485 4100 -
1512 4071 1669 4134 saltim
1697 4070 1883 4112 sabbati
1906 4070 2039 4141 die'F
2061 4095 2114 4102 --
2169 4070 2189 4110 1
2213 4069 2395 4124 requies
2428 4086 2524 4134 *f*

525 4125 700 4178 relegio
731 4126 768 4164 F
794 4148 848 4155 --
899 4138 1040 4178 reque
1073 4140 1132 4162 *r*
1159 4125 1256 4166 bau
1288 4128 1316 4166 b
1351 4149 1402 4156 —
1435 4126 1484 4166 12
1513 4125 1651 4180 legis]
1686 4141 1741 4166 ‹³:1-
1769 4127 1920 4177 legem
1954 4129 1982 4168 P
2027 4126 2178 4181 legem
2207 4128 2245 4166 B
2270 4151 2324 4156 —
2354 4126 2522 4182 possit]

523 4183 561 4221 F
580 4194 666 4221 om.
700 4182 737 4220 B
767 4203 823 4210 -—
844 4179 1008 4221 record
1036 4192 1064 4217 ·*
1081 4197 1103 4218 *
1121 4196 1143 4217 *
1175 4180 1449 4222 cordacione
1472 4184 1509 4221 F
1530 4205 1583 4212 —
1617 4183 1667 4223 13
1690 4182 1731 4223 le
1770 4182 1829 4238 is]
1863 4184 1900 4222 B
1918 4183 1975 4223 F2
2004 4181 2095 4236 legi
2128 4184 2165 4221 F
2188 4205 2244 4212 —
2268 4179 2346 4235 ab]
2382 4180 2467 4221 sub
2490 4184 2529 4221 F

525 4248 667 4298 super
700 4249 782 4299 suo
805 4236 863 4275 F2
891 4259 944 4267 --
966 4249 1073 4331 coeit:
1095 4252 1118 4273 νε
1139 4252 1162 4273 *
1192 4236 1302 4292 quin
1322 4240 1429 4331 ΡΙ·-
1450 4236 1743 4278 necessarius
1790 4240 1826 4277 B
1845 4238 1900 4278 F2
1928 4236 2102 4279 ...rium
2121 4240 2159 4278 F
2177 4260 2234 4301 -5
2253 4235 2368 4301 illis]
2420 4250 2525 4277 rae-

524 4294 893 4387 TioesiteliliFl'z-Flss
915 4292 1221 4402 effimffizse}
1235 4308 1304 4385 Ξῖ
1325 4305 1364 4388 IF
1379 4292 2110 4404 o—F1-7—d24sgglg13tsgessgr3hffs}
2122 4291 2505 4412 Ξθὲιῒὲἓὲρξιξιῗ

525 4416 612 4443 om.
646 4404 685 4443 F
708 4425 764 4433 —-
797 4400 1076 4458 iniunctum]
1109 4402 1156 4443 in
1189 4418 1214 4441 *
1246 4416 1300 4443 us
1331 4405 1369 4444 F
1393 4426 1448 4434 -·-
1478 4403 1529 4444 18
1560 4402 1703 4460 iusto]
1744 4403 1793 4445 iu
1834 4421 1857 4441 *
1891 4406 1931 4444 F
1955 4427 2011 4436 —
2039 4404 2092 4445 19
2121 4402 2234 4459 ipst]
2272 4403 2376 4458 ipso
2408 4406 2446 4445 F
2469 4425 2526 4435 -

527 4457 581 4498 20
612 4456 1036 4522 conservationem]
1070 4460 1108 4498 B
1139 4458 1195 4498 F2
1225 4471 1435 4502 convers,
1472 4461 1511 4500 F
1538 4482 1593 4489 -
1625 4460 1677 4500 24
1709 4458 1834 4515 apud
1865 4459 1918 4503 D.
1952 4459 2100 4502 sancti
2132 4457 2195 4514 et]
2225 4474 2250 4496 *
2269 4474 2294 4497 ιι
2313 4474 2338 4498 ι·
2361 4475 2385 4497 *
2415 4461 2452 4500 F
2469 4481 2525 4491 —

526 4513 580 4556 25
605 4511 847 4571 inlustres]
872 4512 1049 4571 scripu,
1073 4512 1282 4557 illustres
1299 4516 1339 4555 B
1360 4529 1385 4553 *
1407 4519 1502 4556 tres
1520 4517 1559 4555 F
