2880 5893
492 2757 537 2791 10

497 3199 542 3233 15

557 1070 613 1112 86
1218 1069 1568 1113 TRACTATUS
1606 1069 1886 1114 ORIGENIS

1459 1551 1717 1661 [VIII]

645 1995 906 2052 Locutus
948 2008 1036 2053 est
1079 1995 1363 2053 Dominus
1409 1996 1492 2052 ud
1527 1996 1769 2071 Moysen
1810 1996 2010 2052 dicens
2051 2016 2068 2051 :
2117 1995 2385 2074 Loquere
2420 1993 2565 2071 filiis

566 2086 763 2143 Israel
794 2098 848 2142 et
880 2087 1036 2143 dices
1067 2087 1151 2144 ad
1181 2107 1279 2143 eos
1312 2108 1330 2143 .·
1359 2087 1428 2143 In
1463 2099 1651 2143 mente
1686 2086 1957 2143 habetote
1992 2086 2141 2143 diem
2177 2085 2563 2143 sabbatorum

569 2176 950 2253 sanctificare
982 2198 1134 2234 eum.
1185 2178 1305 2234 Sex
1343 2179 1466 2233 dies
1506 2178 1847 2255 operaberis
1890 2190 1946 2234 et
1983 2178 2173 2255 facies
2200 2180 2398 2232 omnia
2433 2189 2562 2243 tua,

568 2272 820 2346 septima
851 2282 1049 2325 autem
1084 2270 1208 2325 dies
1233 2268 1545 2325 sabbatum
1579 2281 1665 2325 est
1692 2269 1931 2325 Domini
1947 2269 2061 2325 Dei
2092 2270 2197 2323 tui.
2223 2266 2356 2325 Non
2377 2267 2568 2344 facies

572 2363 631 2415 in
659 2358 759 2415 illo
795 2359 887 2415 die
923 2359 1107 2415 ullum
1146 2381 1313 2437 opus,
1355 2374 1412 2415 tu
1460 2374 1514 2415 et
1547 2358 1713 2435 filius
1748 2372 1885 2415 tuus
1910 2373 1963 2415 et
1987 2358 2120 2435 filia
2157 2372 2262 2414 tua
2289 2370 2343 2414 et
2362 2358 2570 2436 puella

573 2463 701 2518 tua,
744 2448 844 2507 bos
880 2464 1015 2506 tuus
1046 2461 1101 2507 et
1133 2449 1606 2507 subiunotorium
1645 2463 1807 2506 tuum
1838 2462 1892 2505 et
1925 2471 2093 2506 omne
2113 2470 2300 2527 pecus
2337 2461 2499 2504 tuum
2521 2448 2564 2504 ¹.

574 2542 648 2598 Et
677 2539 926 2618 reliqua.

653 2631 840 2688 Multa
891 2631 1134 2710 quidem
1171 2643 1492 2710 praecepta
1537 2643 1677 2689 sunt
1712 2630 1947 2689 divinae
1993 2629 2147 2711 legis
2189 2631 2250 2686 in
2293 2631 2405 2686 hac
2448 2630 2572 2687 lec-

573 2723 737 2780 tione
777 2735 1084 2803 congesta‚
1132 2743 1282 2801 quae
1323 2724 1519 2779 omnia
1559 2722 1620 2779 in
1663 2742 1783 2780 uno
1818 2734 2069 2780 tractatu
2118 2720 2415 2778 disserere
2451 2742 2571 2778 non

577 2825 694 2870 tam
732 2811 972 2870 difficile
1017 2836 1189 2891 quam
1222 2834 1462 2869 enorme
1500 2825 1611 2883 est,
1653 2835 1763 2870 nec
1809 2812 2054 2869 arduum
2095 2812 2197 2869 sed
2248 2811 2569 2890 prolixum.

576 2907 652 2962 Et
702 2903 957 2982 proinde
1010 2917 1206 2962 cetera
1263 2903 1633 2973 differenteS,
1698 2903 1770 2961 de
1840 2903 1965 2960 sola
2034 2903 2270 2960 interim
2344 2902 2575 2960 sabbati

578 2996 992 3052 observatione
1026 3007 1372 3064 tractemuS‚
1423 2996 1549 3051 sine
1587 3016 1700 3072 qua
1746 2995 1947 3052 Iudaei
1993 3015 2227 3051 omnem
2272 2994 2576 3050 hominem

580 3086 706 3142 fore
756 3087 828 3142 ab
874 3108 980 3164 spe
1018 3085 1171 3144 vitae
1214 3098 1488 3142 aeternae
1534 3085 1791 3142 alienum
1838 3097 2067 3163 putant.
2109 3084 2282 3158 Quod
2333 3084 2576 3162 quidem

579 3198 715 3235 vere
744 3189 802 3234 et
830 3177 1042 3234 merito
1071 3178 1364 3245 dicerent,
1393 3176 1438 3233 si
1475 3177 1639 3254 prius
1669 3177 1812 3254 quid
1847 3175 1924 3233 sit
1956 3178 2267 3233 sabbatum
2305 3187 2572 3232 nossent.

584 3268 702 3325 Sed
739 3267 1035 3337 homineS,
1067 3266 1130 3324 in
1166 3267 1358 3324 solum
1386 3280 1653 3324 ventrem
1683 3267 1913 3346 profusi
1943 3279 2003 3324 et
2033 3266 2184 3323 nihil
2214 3266 2374 3324 aliud
2401 3287 2576 3343 quam

582 3380 741 3425 caro,
772 3371 962 3415 totum
990 3357 1285 3436 quidquid
1318 3358 1633 3436 scripturis
1666 3358 1883 3415 divinis
1917 3358 2163 3414 relatum
2193 3371 2282 3415 est
2310 3369 2368 3414 et
2401 3356 2579 3436 spiri-

580 3449 783 3507 taliter
807 3449 1301 3531 intellegendum‚
1336 3449 1471 3527 quia
1510 3449 1605 3506 lex
1638 3448 1925 3527 spiritalis
1954 3459 2065 3518 est,
2103 3449 2163 3505 in
2201 3448 2327 3504 solo
2363 3468 2581 3525 corpo-

583 3539 667 3597 ris
694 3539 1004 3598 intellectu
1030 3541 1374 3610 traducunt,
1406 3539 1545 3596 dum
1583 3539 1739 3597 circa
1775 3538 2067 3598 officinam
2104 3538 2325 3596 ventris
2358 3538 2582 3596 addicti

649 3730 684 3768 Ι.
716 3726 800 3767 Ex.
830 3726 919 3772 XX.
945 3726 1074 3767 8-10.

643 3902 667 3942 2
692 3899 913 3957 Locutus]
947 3905 1114 3943 ocutus
1145 3903 1199 3951 B,
1231 3898 1407 3942 initiati
1430 3900 1586 3943 littera
1612 3899 1939 3956 praetermissa
1964 3904 2012 3940 ut
2033 3913 2172 3954 supra
2201 3923 2258 3930 -
2282 3898 2484 3940 Locutus
2516 3904 2590 3940 est

590 3956 833 4012 Dominus]
865 3972 890 3994 ψ
906 3973 971 3995 *a*
996 3958 1031 3997 F
1048 3980 1104 3988 —-
1133 3958 1159 3995 3
1182 3956 1328 3997 Israel
1351 3961 1396 3997 et
1425 3955 1470 3997 d.
1496 3956 1574 4012 ad]
1615 3973 1639 3994 ι
1655 3972 1680 3994 *
1698 3973 1763 3995 Η
1783 3958 1820 3997 F
1843 3979 1900 3987 —
1929 3961 2083 3997 mente
2114 3953 2352 4010 habetote]
2385 3960 2587 3995 mentem

590 4012 761 4054 habete.
786 4015 892 4053 F—
915 4012 1079 4053 sabato
1098 4027 1161 4050 Η
1187 4025 1212 4052 e
1233 4014 1342 4052 F—
1363 4012 1390 4051 4
1409 4012 1563 4053 omnia
1587 4011 1685 4067 tua]
1715 4028 1739 4050 *
1758 4028 1781 4049 *
1813 4025 1839 4051 a
1863 4013 1900 4052 F
1924 4034 1976 4042 -—
1999 4014 2023 4052 5
2048 4009 2166 4059 dies]
2189 4009 2265 4050 die
2287 4012 2391 4050 F—
2412 4009 2588 4050 sabba-

590 4068 709 4122 tum]
743 4072 773 4106 l:
795 4069 846 4106 ΡΖ
880 4068 1078 4108 sabbata
1111 4069 1145 4106 F
1171 4092 1222 4097 —
1247 4082 1266 4103 ο
1299 4073 1316 4107 t.
1347 4067 1537 4114 domini]
1567 4067 1740 4108 domini
1772 4073 1837 4106 (nt
1866 4069 1900 4107 F
1925 4091 1977 4097 -
2004 4066 2081 4113 Dei
2112 4061 2218 4106 tsn.
2256 4064 2416 4121 facins]
2443 4082 2545 4103 *soe*
2565 4081 2588 4103 *

589 4179 830 4233 pne-miset
852 4185 897 4218 et
918 4182 955 4219 F
979 4202 1033 4209 -
1051 4123 1943 4233 ³sdtiiuiiztoi·1u}]f¹i¹iiint'FuJ-eis-liaehiilt
1962 4123 2346 4231 issffiqflgfffusm
2379 4120 2591 4273 quiidkeffl

595 4250 656 4272 *ak
677 4250 696 4272 »ε
716 4256 736 4271 x
764 4234 868 4274 dem
894 4236 930 4274 F
949 4258 1004 4265 —-
1026 4236 1051 4273 9
1073 4233 1142 4273 lec
1169 4249 1192 4271 *
1209 4249 1233 4271 *
1256 4239 1388 4287 gesta
1417 4236 1524 4274 F—
1547 4234 1600 4273 10
1622 4232 1872 4289 disserere]
1899 4232 2025 4273 disse
2049 4248 2071 4270 *
2098 4234 2136 4273 F
2155 4255 2207 4262 —
2231 4233 2273 4272 11
2304 4231 2510 4296 enorme]

594 4288 774 4330 inorme
797 4293 833 4330 Β
859 4291 893 4329 F
912 4313 964 4320 —
987 4288 1089 4345 nec]
1115 4288 1225 4329 add.
1247 4289 1302 4329 F2
1326 4294 1491 4329 tam—
1510 4288 1605 4344 sed]
1631 4305 1655 4327 *
1683 4303 1757 4329 am
1781 4291 1817 4329 F
1833 4312 1889 4320 —
1911 4288 1962 4329 12
1986 4288 2057 4342 Et]
2082 4289 2117 4327 Β
2142 4288 2195 4328 Ι·Ὲ
2219 4286 2309 4328 Sed
2329 4288 2367 4327 F
2384 4311 2433 4317 —
2457 4286 2590 4328 diffe-

596 4355 725 4385 rente
751 4345 769 4409 J
807 4344 1064 4386 diffidentes
1099 4347 1137 4385 F
1163 4368 1213 4375 —
1249 4344 1456 4401 interim]
1498 4346 1533 4385 F
1560 4344 1732 4385 ints-rui
1759 4345 1796 4385 B
1826 4368 1880 4375 —
1910 4344 1961 4384 13
1992 4342 2102 4438 qua]
2136 4342 2258 4398 quod
2292 4344 2328 4382 F
2345 4356 2436 4396 quo
2458 4344 2514 4383 F2
2538 4366 2592 4373 -

596 4400 650 4441 14
684 4400 814 4456 quid]
844 4400 948 4442 BF'
981 4399 1105 4455 quod
1127 4401 1165 4441 F
1195 4423 1244 4431 —
1278 4400 1548 4456 sabbatum]
1577 4400 1685 4441 Bm
1715 4398 1913 4441 sabbata
1935 4401 1973 4440 F
1998 4422 2053 4430 —
2109 4400 2136 4438 6
2165 4397 2274 4453 Sed]
2304 4402 2374 4438 set
2404 4401 2449 4439 et
2479 4400 2514 4438 F
2537 4421 2594 4429 -—-

599 4456 647 4496 17
672 4455 916 4512 quidquid]
941 4455 1116 4511 scripsi,
1140 4455 1362 4511 quicquid
1384 4458 1422 4496 Β
1478 4455 1660 4511 uicquic
1698 4456 1738 4496 F
1762 4479 1811 4486 —
1832 4454 1922 4510 est]
1947 4467 2065 4495 eras.
2090 4454 2146 4494 F2
2169 4477 2225 4484 —-
2244 4454 2295 4494 18
2314 4453 2593 4509 intellegen-

596 4510 728 4568 dum]
762 4511 873 4553 add.
904 4513 944 4552 B
968 4517 1040 4553 est
1061 4535 1120 4544 —
1146 4511 1359 4568 corporis
1381 4511 1464 4553 int.
1513 4527 1538 4551 ἡ
1553 4527 1578 4551 *
1596 4517 1646 4553 tu
1661 4512 1701 4552 F
1715 4535 1771 4543 —
1798 4511 1847 4552 19
1867 4510 1995 4552 circa
2010 4523 2038 4551 o
2057 4525 2082 4549 ἡ
2100 4524 2125 4548 *
2139 4524 2164 4548 *
2182 4508 2296 4550 dicti
2315 4510 2354 4550 F
