2880 5893
406 1134 526 1168 xvm
1180 1123 1619 1170 PROLEGOMENA

402 1251 476 1288 ne
524 1228 717 1287 dicam
757 1250 886 1286 eam
932 1240 989 1288 et
1023 1227 1086 1285 in
1128 1230 1330 1288 verbis
1365 1241 1422 1289 et
1485 1229 1545 1287 in
1583 1231 2019 1310 compositione
2074 1233 2394 1291 verborum

407 1330 642 1390 affinem
670 1353 800 1391 esse
822 1332 864 1390 ¹.

482 1436 639 1493 Haec
667 1435 824 1493 dicta
863 1434 983 1493 sint
1010 1447 1075 1493 ut
1101 1434 1396 1495 Victorini
1422 1438 1743 1494 auctoritas
1772 1459 1889 1496 non
1919 1439 2273 1519 abnegetur.

1386 1584 1413 1616 ιιι

1356 1634 1439 1666 *Β*

488 1736 907 1809 Quaerendum
954 1736 1211 1815 denique
1253 1736 1427 1793 nobis
1471 1748 1562 1793 est
1612 1749 1811 1795 utrum
1855 1739 2147 1820 Origenes
2194 1740 2271 1797 sit
2324 1760 2394 1797 an

407 1861 525 1898 non
567 1839 943 1897 homiliarum
980 1839 1189 1896 harum
1218 1861 1468 1920 graecus
1496 1852 1721 1898 auctor.

486 1942 735 2023 Origeni
772 1942 1013 2021 quidem
1051 1955 1469 2021 nuncupantur
1508 1943 1780 2002 codicum
1818 1944 2160 2003 traditione.
2217 1944 2397 2004 Simi-

405 2046 542 2103 liter
580 2047 653 2103 ab
696 2046 1047 2103 Ansileubo.
1089 2047 1382 2127 Origenes
1427 2047 1604 2103 etiam
1649 2047 1986 2105 insinuatur
2021 2049 2093 2105 ab
2138 2048 2392 2106 Isidoro,

404 2150 525 2208 Sed
553 2149 709 2206 inter
735 2147 1012 2206 homilias
1037 2148 1319 2229 Origenis
1351 2170 1458 2207 nec
1483 2150 1557 2207 ab
1588 2150 1951 2229 Hieronymo
1979 2164 2392 2223 recensentur,

406 2273 515 2310 nec
554 2274 585 2310 a
636 2251 872 2322 Rufino,
920 2262 980 2308 et
1028 2251 1086 2308 in
1139 2251 1339 2310 indice
1387 2253 1873 2334 origenianorum
1913 2275 2159 2332 operum
2219 2275 2393 2334 quem

403 2354 593 2414 texuit
628 2354 1028 2432 Hieronymus
1055 2354 1333 2413 videntur
1360 2354 1633 2436 ignorari
1659 2358 1702 2413 2.
1740 2356 2013 2415 Attamen
2056 2357 2237 2415 index
2281 2358 2394 2416 iste

404 2459 646 2526 latium,
679 2479 709 2516 e
737 2478 954 2537 graeco
992 2456 1292 2535 Pamphili
1320 2457 1442 2515 sive
1470 2459 1715 2517 Eusebii
1742 2460 2086 2530 translatuS‚
2111 2481 2396 2541 graecum

405 2561 709 2640 exemplar
741 2581 856 2617 non
907 2560 1142 2640 integre
1182 2560 1364 2618 refert
1401 2582 1413 2616 :
1450 2561 1589 2620 libri
1634 2583 1888 2641 namque
1928 2562 2396 2622 nonnulli‘inter

410 2663 756 2721 notissimos
780 2661 1066 2744 Origenis
1086 2664 1326 2741 (Contra
1347 2664 1608 2734 Celsum,
1631 2667 1721 2722 De
1743 2665 2032 2744 oratione)
2053 2665 2125 2724 ab
2155 2688 2225 2724 eo
2253 2688 2395 2725 exu-

406 2766 554 2840 lant,
587 2788 696 2825 nec
733 2765 945 2824 mirum
994 2766 1043 2822 si
1086 2765 1300 2847 viginti
1336 2778 1619 2825 tractatus
1650 2769 2222 2845 praetermittantur,
2259 2791 2392 2827 cum

410 2894 439 2925 «
476 2869 637 2928 mille
667 2882 726 2928 et
762 2869 1017 2949 amplius
1052 2881 1340 2927 tractatus
1381 2870 1442 2927 in
1480 2869 1728 2929 ecclesia
1769 2871 2000 2930 locutus
2038 2896 2067 2928 »
2104 2873 2394 2953 Origenes

409 2972 486 3032 sit
508 2974 550 3031 3.

482 3077 559 3136 At
591 3076 749 3134 enim
776 3076 837 3134 in
867 3076 1028 3134 dicto
1055 3075 1254 3133 indice
1287 3076 1579 3156 Origenes
1603 3076 1825 3135 dicitur
1851 3077 2166 3156 scripsisse
2189 3084 2395 3156 mysti-

403 3203 611 3238 carum
645 3181 996 3238 omeliarum
1020 3179 1202 3236 libros
1234 3179 1316 3235 II.
1357 3180 1610 3237 Possent
1641 3179 1904 3260 quidem,
1947 3180 2225 3239 homiliae
2260 3203 2393 3239 nos-

406 3296 527 3343 trae
568 3286 853 3361 mysticae
880 3282 1250 3362 praedicari3
1290 3294 1537 3362 possent
1562 3283 1654 3340 vel
1690 3282 1750 3340 in
1779 3283 1959 3341 libros
1991 3284 2059 3340 II
2088 3284 2390 3356 distribui,

401 3387 583 3444 immo
603 3386 849 3444 bifariae
870 3385 1045 3443 huius
1066 3384 1511 3443 distributionis
1530 3385 1815 3444 indicium
1832 3387 1966 3466 quis
1986 3387 2397 3466 deprehendet

399 3490 462 3549 in
491 3489 801 3569 capitulari
835 3489 995 3569 quod
1023 3488 1260 3547 codices
1297 3490 1618 3567 praebent;
1650 3501 1709 3547 et
1743 3490 1879 3547 dum
1910 3491 1968 3547 in
2005 3490 2203 3548 indice
2236 3514 2394 3570 mys-

401 3594 554 3652 ticae
584 3594 720 3651 illae
749 3592 1027 3651 homiliae
1058 3590 1503 3673 coniunguntur
1529 3592 1795 3651 homiliis
1826 3615 1975 3673 quae
2019 3593 2081 3651 in
2109 3579 2392 3653 Genesim

401 3697 655 3755 traditae
701 3707 859 3766 sunt,
905 3694 1321 3754 convenientia
1357 3695 1647 3775 quaedam
1690 3696 1879 3754 oritur
1922 3697 2078 3755 inter
2115 3698 2394 3756 homilias

404 3801 679 3879 mysticas
708 3809 1111 3877 tractatusque
1139 3809 1378 3856 nostros
1419 3820 1670 3877 quorum
1691 3821 1794 3858 sex
1818 3799 2051 3879 priores
2074 3801 2146 3858 de
2171 3801 2391 3858 Genesi

399 3903 777 3963 disserunt...
813 3902 932 3960 Sed
963 3902 1072 3960 ista
1099 3913 1447 3983 argumenta
1473 3902 1571 3959 vix
1594 3901 1765 3960 flocci
1801 3903 2140 3981 pendimus,

456 4115 494 4157 1.
526 4113 796 4171 Hippolytus
823 4112 989 4162 Werlce,
1014 4118 1049 4154 t.
1074 4112 1094 4153 I
1119 4110 1344 4168 (Leipzig,
1377 4111 1520 4168 1898),
1537 4126 1585 4167 p.
1610 4113 1680 4153 54.
1701 4112 1771 4153 Cf.
1794 4114 1900 4154 Rev.
1927 4113 2053 4165 bibl„
2078 4118 2109 4154 t.
2130 4114 2212 4156 VII
2231 4114 2389 4171 (1898),

399 4196 446 4239 p.
468 4183 669 4233 115-121,
692 4182 772 4224 ubi
795 4180 1027 4237 quaedam
1047 4177 1348 4234 exposuimus
1369 4178 1425 4221 de
1442 4178 1670 4221 relatione
1701 4179 1943 4236 Hippolyti
1974 4186 2019 4223 et
2051 4183 2200 4246 nostri
2224 4188 2394 4225 tracto-

399 4263 494 4360 ”¹⁸21
531 4318 581 4360 E.
607 4318 979 4364 KLOSTERMANN,
1007 4329 1028 4356 α
1059 4314 1140 4356 Die
1168 4312 1394 4368 Schriften
1427 4312 1506 4354 des
1530 4312 1813 4370 origenesin
1847 4316 2154 4373 Hieronymus
2177 4316 2316 4375 Bries
2332 4333 2394 4361 an

400 4385 546 4428 Paula
572 4399 612 4435 ι),
640 4382 1049 4441 Silzungsbericlzte
1083 4382 1164 4423 der
1193 4384 1244 4424 K.
1282 4381 1598 4423 Preussisclaen
1633 4382 1783 4424 Akad.
1808 4382 1854 4425 d.
1884 4384 1951 4425 W.
1982 4399 2038 4425 zu
2061 4384 2231 4438 Berlin,
2265 4386 2391 4439 1897,

399 4467 445 4509 p.
468 4455 548 4495 855
572 4467 672 4507 sqq.
701 4451 920 4493 Eruditus
944 4448 1196 4491 auctorita
1231 4454 1388 4489 censet
1418 4448 1473 4490 de
1506 4449 1785 4491 tractatibus
1815 4451 1990 4492 nostris
2018 4466 2027 4493 :
2066 4469 2083 4493 (ι
2111 4453 2204 4495 Das
2237 4454 2304 4496 sie
2341 4455 2389 4497 in

401 4535 543 4562 unser
559 4519 881 4562 Verzeichniss
903 4517 1034 4559 nicht
1052 4529 1240 4572 passeri,
1267 4521 1372 4571 sagt
1397 4515 1656 4572 allerdings
1681 4517 1834 4560 nichts
1858 4532 2007 4575 gegen
2032 4519 2098 4560 sie
2125 4534 2146 4560 n
2179 4519 2242 4577 (p.
2270 4521 2386 4579 870).

456 4591 497 4630 3.
531 4588 823 4637 ΗιειιοΝτΜ.,
848 4583 1062 4640 Epi-stul„
1087 4583 1317 4635 LXXXIV,
1334 4584 1376 4625 8.
