2880 5893
453 2030 500 2065 10

455 2487 501 2522 15

456 2947 506 2982 20

534 1083 588 1127 74
1199 1087 1548 1131 TRACTATUS
1579 1088 1859 1134 ORIGENIS

534 1194 661 1246 eius
683 1211 718 1245 a
748 1189 949 1248 lacte1.
991 1192 1163 1248 Oculi
1198 1192 1312 1249 hoc
1340 1193 1470 1249 loco
1507 1192 1836 1271 spiritalem
1866 1195 2520 1275 gratiamvindicabant.

539 1282 778 1358 Septem
809 1281 967 1338 enim
995 1282 1150 1339 oculi
1180 1296 1406 1361 septem
1436 1297 1574 1340 sunt
1610 1284 1879 1362 spirituS,
1921 1286 2074 1344 sicut
2100 1288 2530 1365 Apocalypsis‘2

537 1371 829 1449 scriptura
863 1385 1132 1430 testatur.
1167 1377 1323 1431 Haec
1359 1374 1578 1432 etenim
1616 1377 1980 1454 septiformis
2018 1377 2306 1454 spiritalis
2338 1378 2526 1460 gratia

535 1463 671 1521 ideo
705 1464 764 1520 in
794 1464 982 1521 oculis
1011 1465 1352 1543 deputatur,
1387 1467 1520 1545 quia
1552 1467 1766 1523 exinde
1791 1470 2131 1545 praeterita,
2165 1471 2525 1545 praesentia,

538 1567 596 1611 et
625 1554 815 1612 futura
842 1569 1185 1616 cernuntur.
1228 1557 1489 1636 Spiritus
1518 1560 1736 1616 etenim
1764 1560 1873 1616 Dei
1894 1560 2088 1616 omnia
2118 1560 2298 1628 videt,
2330 1563 2531 1618 omnia

537 1659 855 1716 scrutatur,
909 1647 1086 1704 etiam
1127 1648 1472 1706 altitudines
1523 1649 1654 1706 Dei.
1706 1649 1876 1708 Unde
1922 1662 1980 1706 et
2019 1651 2306 1728 spiritalis
2351 1652 2530 1709 homo

535 1737 731 1795 omnia
762 1738 943 1804 videt,
984 1739 1178 1795 omnia
1211 1752 1529 1807 scrutatur,
1570 1740 1835 1798 omnium
1867 1742 2044 1798 coi-da
2081 1742 2360 1812 traduc-it,
2401 1744 2530 1820 ipse

538 1852 565 1887 a
616 1830 854 1887 nemine
891 1830 1248 1888 diudicetur.
1307 1834 1374 1888 Et
1414 1831 1548 1889 ideo
1592 1831 1888 1909 fulgentes
1938 1832 2144 1889 oculos
2182 1833 2309 1889 eius
2360 1833 2526 1901 dicit,

538 1921 674 2000 quia
719 1920 914 1977 omnia
955 1921 1116 1978 videt
1164 1927 1223 1980 et
1272 1922 1420 1979 nihil
1466 1924 1620 2002 apud
1662 1944 1795 1980 eum
1842 1935 2038 2001 potest
2081 1945 2210 1981 esse
2249 1924 2526 1994 celatum,

539 2012 691 2069 siout
728 2011 1015 2089 seriptum
1051 2024 1140 2069 est
1173 2039 1184 2069 :
1223 2014 1351 2092 Ego
1373 2036 1504 2071 sum
1531 2015 1691 2072 Deus
1717 2027 1995 2071 scrutans
2015 2035 2185 2072 renes
2208 2030 2260 2072 et
2280 2015 2466 2072 corda
2484 2016 2526 2074 3.

538 2105 757 2163 Verum
786 2102 1027 2181 quidem
1075 2126 1113 2159 a
1159 2109 1288 2161 vino
1325 2106 1621 2184 fulgentes
1656 2106 1856 2162 oeulos
1892 2104 2059 2176 dicit,
2102 2104 2238 2183 quia
2283 2105 2357 2162 de
2395 2126 2532 2162 san-

539 2194 718 2277 guine
771 2193 1067 2271 passionis
1108 2194 1464 2265 dominicae,
1522 2218 1698 2275 quem
1745 2197 1945 2254 vinum
2007 2196 2291 2275 appellat,
2337 2195 2531 2254 omnis

539 2286 725 2366 gratia
772 2285 1058 2363 spiritalis
1087 2286 1334 2343 obfulsit
1366 2286 1427 2343 in
1455 2286 1650 2346 nobis,

621 2378 738 2435 Sed
772 2377 930 2454 quod
955 2377 1035 2435 ait
1069 2381 1313 2436 candidi
1334 2380 1532 2437 dentes
1560 2402 1598 2436 a
1626 2381 1799 2448 laete,
1839 2380 2050 2437 dentes
2079 2400 2210 2437 curn
2241 2381 2529 2450 nominat,

542 2468 940 2526 modulamina
994 2469 1230 2551 linguae
1268 2469 1587 2549 significat,
1634 2470 1793 2527 unde
1837 2470 2029 2527 clarus
2070 2470 2534 2547 praedicationis

541 2583 734 2620 sermo
764 2558 1057 2638 procedit,
1097 2559 1234 2638 quia
1270 2560 1527 2617 infantes
1562 2562 1663 2640 qui
1691 2561 1902 2618 dentes
1938 2583 2058 2618 non
2096 2561 2321 2619 habent
2363 2559 2530 2639 loqui

541 2675 661 2710 non
690 2664 961 2730 possunt,
995 2652 1100 2708 sed
1128 2663 1186 2709 et
1213 2673 1386 2709 senes
1423 2652 1688 2710 edentuli
1714 2652 2172 2733 significantiam
2200 2652 2366 2710 verbi
2395 2652 2534 2710 dum

541 2744 740 2801 blaese
777 2743 1101 2821 loquuntur
1131 2742 1429 2821 explicare
1465 2765 1583 2800 non
1618 2743 1834 2801 valent.
1874 2745 1956 2800 Ita
1990 2765 2163 2800 nemo
2201 2765 2533 2800 sermonem

541 2834 674 2905 Dei,
725 2835 1030 2892 veritatem
1074 2846 1132 2892 et
1175 2834 1459 2892 iustitiam
1494 2834 1879 2904 indicantem,
1924 2834 2040 2892 nisi
2084 2856 2192 2911 per
2233 2835 2535 2912 apostolos

544 2924 839 3005 potuisset
875 2925 1100 2982 audire.
1156 2926 1240 2983 Ac
1283 2925 1539 3004 proinde
1585 2947 1716 2983 cum
1755 2925 1964 2983 dentes
1999 2924 2237 2982 Domini
2270 2925 2537 2982 nominat

545 3016 845 3096 apostolos
896 3016 1143 3086 indicat,
1200 3016 1300 3094 qui
1352 3038 1460 3095 per
1498 3017 1763 3097 linguam
1803 3017 1936 3085 Dei,
1988 3016 2051 3074 id
2098 3028 2189 3073 est
2242 3015 2533 3094 Spiritum

548 3111 852 3178 Sanctum,
881 3108 1184 3172 docentes,
1211 3108 1348 3186 quia
1375 3109 1602 3188 lingua,
1628 3107 1843 3187 inquit,
1871 3129 2002 3164 mea
2029 3120 2089 3163 ut
2107 3108 2378 3164 calamus
2397 3129 2537 3164 acu-

547 3213 639 3258 tus
664 3200 895 3258 scribae
928 3200 1198 3258 velociter
1222 3201 1531 3258 scribentis
1545 3199 1587 3270 4,
1619 3211 1679 3257 et
1709 3198 1847 3277 quia
1874 3198 2079 3281 lingua
2106 3197 2233 3256 eius
2273 3196 2537 3276 Spiritus

602 3351 640 3393 1.
676 3351 795 3395 Gau.
824 3350 972 3407 XLIX,
1000 3349 1069 3394 12.

602 3408 643 3451 2.
675 3407 816 3449 Aroe.
842 3406 894 3458 V,
918 3408 958 3448 6.

603 3466 645 3505 3.
678 3463 756 3504 Ps.
783 3462 881 3511 VII,
907 3462 974 3504 10.

602 3520 644 3562 4.
677 3519 752 3561 Ps.
780 3517 930 3571 XLIV,
955 3518 996 3558 2.

608 3674 629 3715 1
653 3674 741 3715 hoc
763 3673 884 3730 loco]
912 3690 935 3712 *
955 3690 978 3711 ψ
1003 3690 1026 3712 *
1050 3678 1211 3729 gentes
1234 3674 1271 3714 F
1294 3696 1348 3704 —
1370 3673 1659 3736 indicabant]
1685 3671 1924 3714 indicabat
1945 3674 1983 3713 F
2013 3676 2173 3713 ...cant
2193 3672 2262 3712 F2
2291 3693 2347 3701 ——
2369 3671 2394 3711 2
2417 3668 2540 3711 enim

551 3730 672 3771 oculi
702 3729 900 3785 septem]
928 3745 951 3766 *
971 3745 993 3767 ,ι
1014 3745 1036 3767 ,ι
1056 3731 1093 3769 F
1124 3752 1177 3760 —
1209 3733 1317 3770 sunt
1340 3728 1555 3814 spiritus]
1582 3728 1776 3784 spu-itus
1802 3742 1904 3769 esse
1932 3730 1970 3768 F
1994 3751 2051 3759 ——
2081 3726 2218 3782 sicut]
2253 3741 2341 3767 om.
2372 3728 2410 3766 F
2439 3749 2494 3756 —
2516 3726 2540 3766 3

552 3786 675 3826 Haec
694 3785 881 3841 etenim]
905 3801 927 3823 ὴ
949 3801 972 3823 *
987 3786 1025 3825 F
1045 3808 1095 3815 —
1113 3782 1420 3839 septiformis]
1439 3787 1476 3825 B
1490 3786 1528 3825 F
1581 3798 1682 3826 ...es
1701 3786 1739 3824 F
1752 3808 1808 3814 —
1821 3782 2070 3839 spiritalis]
2097 3796 2213 3824 eras.
2231 3783 2268 3822 F
2285 3803 2340 3812 --
2353 3782 2379 3821 4
2398 3779 2542 3835 depu-

552 3840 702 3905 tatur]
725 3857 747 3878 *
766 3843 804 3882 F
827 3865 879 3872 —
901 3839 1030 3896 quia]
1063 3841 1179 3880 ΒΝ
1208 3853 1295 3894 que
1318 3841 1356 3879 F
1379 3862 1436 3869 —-
1458 3841 1481 3880 5
1505 3839 1777 3896 cernuntur]
1811 3853 1952 3880 cernu
1975 3854 1999 3876 *
2021 3841 2059 3879 F
2075 3862 2131 3869 —
2151 3840 2177 3878 6
2199 3835 2490 3892 altitudines]
2518 3852 2542 3874 *

554 3897 729 3938 tudinis
759 3898 796 3937 F
816 3895 971 3950 (...nes
993 3894 1079 3960 F3)
1110 3918 1164 3926 —
1185 3896 1207 3936 7
1240 3893 1460 3951 traducit]
1494 3897 1531 3935 Β
1553 3896 1617 3935 F2
1651 3895 1865 3936 traducet
1889 3896 1926 3934 F
1953 3918 2005 3925 —
2028 3896 2052 3935 8
2082 3893 2231 3950 diud.]
2258 3891 2413 3933 deind.
2434 3894 2472 3932 F
2489 3915 2546 3922 —

552 3951 671 4008 eius]
696 3953 733 3992 F
749 3966 836 3993 om.
861 3953 899 3991 B
913 3974 966 3982 —
987 3952 1013 3991 9
1032 3950 1177 4046 videt]
1200 3952 1236 3990 B
1250 3950 1319 3991 F³
1347 3949 1463 3991 vidit
1479 3953 1516 3991 F
1530 3973 1584 3981 —
1609 3949 1732 4006 eum]
1762 3953 1799 3991 B
1820 3950 1885 3990 10¹³
1908 3963 1991 3990 om.
2013 3951 2051 3989 F
2069 3972 2122 3980 -—
2140 3962 2243 3990 esse
2264 3952 2418 4002 potest
2439 3949 2476 3987 F
2490 3969 2543 3978 --

554 4009 606 4049 10
630 4007 773 4048 corda
800 4011 845 4048 et
865 4019 998 4048 renes
1020 4008 1058 4046 F
1077 4029 1131 4037 —
1182 4006 1202 4046 1
1228 4003 1435 4062 quidem]
1466 4005 1587 4061 quod
1610 4009 1648 4047 F
1667 4005 1778 4061 quid
1810 4010 1881 4047 est
1902 4004 2025 4060 quod
2047 4005 2115 4045 Ι*’2
2138 4028 2192 4035 ——
2210 4004 2262 4044 12
2284 4001 2545 4044 dominicae

554 4069 790 4129 passionis
812 4073 850 4111 F
876 4093 930 4101 -
992 4069 1115 4125 uem]
1154 4068 1278 4124 quod
1308 4071 1345 4110 F
1373 4092 1427 4100 -
1456 4067 1606 4110 omnis
1657 4069 1772 4110 BF3
1802 4071 2018 4110 omnesF
2037 4092 2090 4099 —
2111 4067 2162 4109 13
2187 4065 2434 4122 spiritalis]
2461 4057 2542 4121 εἶθ

552 4130 590 4169 F
612 4151 669 4157 —
696 4124 909 4182 obfulsit]
944 4137 970 4166 o
1010 4124 1147 4179 fulgit
1166 4127 1204 4165 F
1224 4148 1276 4155 —
1300 4124 1352 4164 14
1379 4124 1469 4166 Sed
1493 4137 1584 4178 quo
1666 4126 1717 4165 In
1740 4138 1883 4179 marg.
1910 4123 2097 4164 sinistra
2120 4126 2156 4164 F
2174 4121 2356 4177 scripsit
2382 4121 2542 4162 dentes

553 4181 757 4279 lapgsttzli
776 4181 874 4223 sive
892 4179 1241 4276 praedticatp'res
1264 4179 1375 4276 <ligre
1398 4179 1531 4276 vat-ilfi
1553 4179 1729 4244 domini
1752 4177 2224 4276 ailnuPCiaF'tesidicit
2243 4176 2481 4274 —i'gentels-
2498 4191 2539 4217 a.

578 4271 588 4280 ,
825 4253 848 4274 *
868 4253 890 4275 ,ω
912 4252 934 4274 *
959 4253 983 4274 *
1003 4250 1029 4276 n
1056 4249 1103 4276 es
1183 4258 1233 4267 —
1266 4245 1272 4252 ’
1353 4249 1427 4277 mo
1464 4249 1491 4276 u
1515 4248 1671 4277 amma
1798 4248 1950 4276 amlne
2111 4248 2246 4275 amen
2368 4256 2418 4264 —
2470 4246 2542 4273 in-

556 4237 837 4349 guaznsiigd]
860 4309 883 4331 ,ι
907 4307 932 4329 *
953 4294 1060 4332 F—
1077 4289 1237 4347 undeJi
1257 4290 1346 4332 nde
1360 4292 1528 4332 F--ffi
1553 4235 1723 4347 sermJo]
1750 4293 1787 4331 F
1803 4305 1888 4331 om.
1906 4294 2011 4331 Β-
2025 4289 2238 4345 procedit
2250 4303 2292 4344 q.
2315 4287 2539 4344 infantes]

556 4367 579 4387 ,ι
594 4366 652 4387 Η
675 4354 745 4390 tes
768 4351 805 4389 F
822 4371 871 4379 —-
891 4347 943 4388 17
962 4360 1052 4388 non
1073 4360 1120 4402 p.
1147 4346 1226 4387 sed
1247 4346 1309 4403 et]
1333 4350 1513 4387 *md*
1530 4369 1586 4378 -—
1603 4346 1734 4388 verbi
1757 4345 1801 4390 d.
1825 4345 1982 4387 blaese
2024 4362 2119 4385 *se*
2141 4348 2178 4386 F
2193 4369 2247 4377 —
2269 4345 2322 4385 18
2340 4344 2542 4408 loquun-

556 4410 631 4447 tur
674 4402 851 4459 scripsi,
875 4403 1098 4457 loquutur
1125 4405 1163 4442 B
1188 4401 1401 4443 nituntur
1417 4405 1454 4443 F
1469 4425 1523 4433 —
1540 4402 1611 4443 Ita
1639 4416 1682 4443 n.
1711 4415 1972 4444 sermonem
2019 4416 2112 4440 *ui*
2136 4402 2235 4441 F'-
2252 4400 2304 4441 19
2328 4399 2419 4440 nis¹
2437 4398 2540 4455 per]

556 4477 581 4499 ψ
594 4477 616 4499 *
682 4483 731 4491 --
746 4459 988 4515 apostolos
1003 4457 1236 4514 potuisset
1254 4456 1434 4523 audire]
1453 4456 1683 4512 apostolis
1699 4456 1973 4512 praedicare
1990 4457 2048 4497 F2
2064 4456 2112 4498 in
2134 4470 2226 4498 ras.
2242 4479 2298 4488 —
2311 4455 2364 4496 20
2380 4454 2544 4496 dentes

557 4516 609 4558 D.
630 4514 857 4571 nominat]
884 4513 971 4554 den
996 4531 1019 4552 *
1043 4529 1067 4552 *
1091 4529 1115 4552 *
1138 4515 1175 4554 F
1195 4536 1252 4544 -
1273 4513 1323 4554 21
1349 4511 1577 4568 Spu-itum
1608 4527 1644 4555 s.
1674 4511 1721 4554 d.
1746 4511 1855 4568 quia
1885 4511 2067 4568 lingua]
2091 4527 2115 4550 νε
2138 4527 2162 4550 *
2183 4527 2207 4551 *
2226 4527 2250 4550 νε
2274 4527 2298 4550 *
2321 4523 2415 4566 gua
2438 4511 2475 4550 F
2493 4533 2541 4541 —-

556 4572 608 4614 22
630 4584 716 4613 acu
741 4587 765 4608 *
790 4587 812 4608 ψ
836 4586 860 4608 *
880 4568 969 4612 iter
993 4571 1030 4611 F
1048 4592 1104 4601 —
1124 4570 1178 4611 23
1201 4567 1468 4626 scribentis]
1495 4568 1616 4611 BF3
1640 4573 1762 4612 ...tes
1784 4571 1821 4609 F
1840 4591 1895 4600 —
1916 4567 2122 4624 Spiritus
2151 4581 2187 4610 s.
2214 4565 2302 4624 est]
2325 4582 2349 4605 ι
2369 4581 2394 4605 *
2413 4581 2437 4603 *
2457 4567 2492 4607 F
