2880 5893
565 1085 645 1127 180
1227 1085 1576 1130 TRAGTATUS
1607 1082 1747 1127 omo
1755 1081 1886 1125 1³:le

1411 1560 1707 1673 [XVII]

629 2006 694 2060 In
737 2003 940 2061 diebus
982 2003 1099 2060 illis
1149 2004 1318 2082 facta
1379 2016 1463 2059 est
1511 2025 1690 2081 super
1743 2023 1833 2060 me
1874 2025 2088 2060 manas
2145 2004 2406 2064 Domini.
2473 2004 2553 2060 Et

546 2096 747 2151 eduxit
783 2116 872 2151 me
912 2098 970 2151 in
1003 2097 1215 2172 spiritu
1260 2094 1520 2163 Domini,
1555 2107 1610 2151 et
1626 2098 1832 2172 posuit
1866 2115 1955 2151 me
1995 2100 2055 2151 in
2088 2096 2276 2151 medio
2308 2116 2540 2173 camp0,

545 2199 600 2242 et
632 2187 725 2243 liic
765 2198 897 2242 erat
924 2186 1140 2263 plenus
1173 2185 1403 2242 ossibus
1444 2185 1744 2242 humanis.
1774 2185 1851 2242 Et
1886 2186 2287 2243 circumduxit
2316 2207 2407 2243 me
2430 2206 2547 2263 per

484 2298 507 2333 ⁵
538 2297 757 2356 gyrum
792 2296 1018 2346 eorum,
1057 2289 1114 2334 et
1149 2288 1324 2333 erant
1359 2277 1546 2333 multa
1584 2276 1752 2335 valde
1789 2281 1850 2334 in
1876 2277 2094 2356 faciem
2133 2281 2334 2356 campi
2363 2278 2547 2334 arida

460 2750 507 2784 10

460 3205 507 3240 15

544 2372 738 2423 nimis.
778 2368 855 2423 Et
890 2370 976 2423 ait
1010 2367 1092 2423 ad
1123 2388 1214 2423 me
1247 2388 1265 2423 .·
1309 2367 1431 2423 Fili
1466 2366 1740 2436 hominiS,
1778 2372 1832 2423 si
1863 2371 2051 2424 vivent
2088 2390 2222 2425 ossa
2261 2371 2425 2425 ista?
2466 2370 2546 2424 Et

543 2459 673 2514 dici
697 2478 715 2515 .·
744 2458 1012 2526 Domine,
1049 2469 1109 2513 tu
1146 2460 1261 2514 scis
1292 2460 1428 2514 ista.
1458 2459 1536 2514 Et
1570 2462 1656 2514 ait
1690 2459 1772 2515 ad
1804 2479 1893 2515 me
1922 2479 1940 2516 .·
1969 2459 2337 2537 Prophetare
2365 2480 2548 2536 supet·

543 2570 702 2618 ossa,
732 2562 788 2606 et
818 2549 975 2606 dices
1012 2549 1127 2605 illis
1156 2568 1174 2605 .·
1212 2547 1365 2606 Ossa
1402 2549 1601 2618 arida,
1645 2549 1847 2606 audite
1882 2549 2117 2607 verbum
2152 2549 2440 2606 Domim‘1.
2474 2551 2551 2607 Et

545 2637 797 2718 reliqua.

626 2730 893 2808 Simplex
920 2742 1008 2787 est
1039 2729 1283 2807 quidem
1317 2729 1495 2787 lectio
1524 2731 1693 2798 haec,
1728 2730 2091 2788 sanctissimi
2124 2731 2362 2801 fratre3‚
2396 2752 2547 2809 quae

547 2842 662 2877 non
684 2842 792 2898 per
814 2820 1162 2899 allegoriam
1192 2820 1412 2899 scripta
1435 2833 1547 2895 est,
1578 2820 1683 2877 sed
1713 2822 1785 2878 ad
1810 2821 2148 2900 exemplum
2171 2821 2546 2880 credentium

545 2910 759 2989 posita.
793 2914 972 2989 Spem
1012 2932 1255 2991 quoque
1293 2910 1753 2970 resurrectionis
1798 2911 1857 2969 in
1898 2912 2106 2970 eodem
2136 2933 2389 2991 corpore
2428 2935 2547 2991 quo

547 3001 832 3059 morimur
896 3002 1321 3079 repromittens
1380 3023 1651 3082 magnam
1720 3001 1997 3060 fiduciam
2066 3015 2339 3061 aeternae
2392 3004 2547 3061 vitae

543 3092 876 3172 Xpistianis
909 3093 1189 3150 omnibus
1223 3104 1508 3171 praestat.
1543 3095 1616 3150 Et
1651 3114 2009 3172 quamquam
2052 3093 2202 3151 fides
2248 3093 2544 3151 catholica

545 3184 930 3241 sacramentis
979 3183 1340 3241 caelestibus
1393 3183 1847 3262 rationibusque
1893 3184 2113 3242 divinis
2160 3184 2222 3242 in
2270 3184 2380 3242 hac
2435 3206 2544 3263 spe

543 3274 1000 3332 resurrectionis
1044 3275 1280 3356 integra
1323 3287 1664 3354 perseveret
1707 3296 1774 3332 ac
1818 3286 1963 3344 tuta,
2010 3275 2234 3354 quippe
2283 3296 2420 3332 cum
2466 3275 2546 3333 sit

546 3365 860 3424 multarum
936 3365 1366 3444 scripturarum
1443 3365 1788 3424 caelestium
1866 3365 2217 3424 auctoritate
2288 3367 2540 3436 munita,

542 3468 740 3514 tamen
783 3456 921 3535 quia
956 3457 1309 3536 plerumque
1346 3456 1585 3536 obrepit
1621 3456 1844 3515 falsitas
1881 3457 2344 3527 haereticorum,
2390 3479 2543 3536 quae

544 3560 669 3604 orta
705 3559 794 3604 est
830 3569 901 3604 ex
931 3547 1342 3605 imbecillitate
1378 3546 1711 3605 mortalium
1748 3569 2030 3606 sensuum
2069 3547 2310 3606 diabolo
2346 3547 2567 3627 inspi-.

603 3745 642 3786 1.
680 3745 757 3786 Ez.
782 3745 996 3794 xxxvn,
1023 3746 1120 3788 1-4.

598 3967 783 4009 Incxrrr
821 3969 913 4018 sni}
948 3978 1009 4009 nn
1051 3979 1196 4009 Lumo
1229 3968 1456 4010 Ezmnms
1487 3978 1738 4010 pnorux'm
1777 3967 2016 4023 praemisit
2044 3970 2083 4010 F
2120 3966 2288 4010 uncial.
2325 3967 2452 4009 rubr.
2487 3992 2544 4001 —-

543 4022 649 4078 ann
665 4025 702 4063 Β
724 4023 932 4065 omittens
947 4022 1170 4064 initialem
1186 4021 1384 4064 litteram
1400 4027 1448 4065 ut
1468 4037 1522 4065 eu
1555 4022 1675 4064 erius
1691 4046 1747 4060 -v
1761 4024 1786 4064 3
1807 4022 1995 4080 spiritu]
2020 4023 2240 4079 spiritum
2260 4025 2361 4064 F—
2379 4024 2543 4065 Domi-

543 4092 629 4119 nus
660 4080 697 4118 F
727 4102 777 4109 —
804 4080 828 4119 5
852 4078 1040 4134 gyrum]
1071 4078 1247 4134 scripsi,
1276 4078 1429 4144 girum
1450 4081 1490 4120 Β
1512 4036 1554 4119 F
1573 4103 1630 4110 —
1650 4078 1805 4134 campi
1839 4079 1973 4121 arida
1995 4078 2154 4135 nimis]
2177 4093 2281 4121 cam
2305 4096 2330 4118 *
2346 4096 2370 4118 ἡ
2386 4096 2410 4117 *
2429 4081 2469 4120 F
2486 4104 2542 4111 —

540 4136 567 4174 6
588 4132 765 4189 vivent]
791 4134 984 4185 correxi,
1008 4133 1172 4175 vivunt
1188 4136 1227 4175 Β
1250 4147 1328 4175 νιν
1352 4149 1375 4173 *
1398 4136 1436 4175 F
1456 4158 1512 4164 —
1533 4135 1555 4175 7
1582 4148 1653 4175 me
1677 4132 1989 4232 prophetare}
2005 4151 2029 4173 *
2050 4152 2075 4173 *
2097 4140 2202 4176 tare
2225 4136 2263 4175 F
2281 4157 2331 4166 —
2355 4136 2381 4177 8
2406 4134 2541 4177 arida

540 4188 716 4244 audite]
741 4203 795 4230 ar
820 4206 843 4228 *
864 4206 887 4228 *
910 4193 948 4231 Β
965 4213 1021 4219 -
1043 4190 1095 4230 10
1117 4195 1188 4231 est
1206 4188 1395 4244 quidem
1418 4188 1573 4244 lectio]
1597 4206 1620 4228 *
1638 4206 1662 4228 *
1678 4206 1701 4228 *
1721 4190 1792 4230 cio
1811 4192 1918 4230 F—
1940 4190 1961 4232 1
2026 4188 2304 4245 allegoriam
2331 4190 2530 4246 scripta]

540 4245 694 4299 allego
718 4261 741 4283 νε
761 4261 785 4283 *
808 4247 914 4285 F—
937 4246 988 4287 12
1007 4244 1161 4300 posita
1187 4243 1346 4300 Spem]
1371 4259 1432 4300 po
1452 4261 1476 4283 *
1498 4261 1522 4284 α
1541 4247 1581 4286 F
1601 4268 1657 4276 —-
1678 4259 1820 4300 corpo
1844 4262 1867 4284 *
1890 4262 1913 4284 ιι
1931 4263 1955 4284 *
1978 4243 2129 4287 rimur
2157 4248 2196 4287 F
2217 4270 2272 4276 —
2294 4246 2346 4287 13
2370 4259 2537 4299 repro-

544 4299 746 4356 mittens]
774 4301 1014 4343 remittens
1037 4302 1076 4341 F
1096 4324 1152 4331 —-
1174 4306 1388 4342 aeternae
1419 4299 1561 4356 vitae]
1586 4317 1611 4339 *
1631 4317 1655 4340 *
1676 4302 1715 4341 F
1735 4324 1785 4333 —-
1810 4300 1864 4341 14
1885 4300 2001 4342 fides
2026 4300 2278 4357 catholica]
2305 4318 2329 4340 ,ι
2350 4318 2374 4339 *
2397 4300 2538 4343 licam

540 4358 576 4396 F
605 4380 659 4387 -
690 4355 741 4396 15
765 4355 1044 4411 rationibus]
1081 4355 1265 4406 conieci,
1299 4355 1495 4398 rationis
1525 4359 1564 4397 Β
1594 4358 1634 4397 F
1658 4380 1713 4386 —
1743 4370 1830 4411 que
1866 4355 2058 4413 divinis]
2097 4373 2120 4395 *
2140 4373 2164 4394 *
2197 4356 2272 4398 nis
2292 4359 2331 4398 F
2349 4381 2404 4389 ——
2425 4355 2535 4413 hac]

539 4411 659 4452 hanc
685 4413 722 4451 F
739 4435 795 4441 —
816 4412 869 4452 16
899 4412 969 4452 int
990 4429 1013 4449 *
1033 4428 1056 4450 *
1091 4416 1217 4453 veret
1236 4414 1273 4452 F
1291 4435 1346 4443 -—
1368 4410 1429 4453 sit
1458 4412 1715 4453 multarum
1745 4411 2109 4508 scripturarum}
2143 4411 2282 4454 simul
2310 4428 2334 4450 *
2355 4428 2378 4450 *
2400 4417 2535 4454 tura-

540 4481 644 4508 rum
675 4469 780 4508 F—
799 4467 850 4508 17
882 4465 1212 4509 auctoritatem
1243 4469 1279 4507 F
1297 4491 1353 4498 -—
1373 4466 1553 4509 munita
1583 4466 1760 4521 tamen]
1793 4481 1838 4508 m
1866 4484 1889 4506 *
1907 4484 1931 4507 4
1962 4469 2070 4509 F—
2115 4469 2140 4509 8
2164 4467 2292 4525 quia]
2325 4467 2406 4523 qui
2427 4469 2466 4509 F
2484 4491 2538 4499 —

539 4521 898 4579 haeretieorum]
921 4520 1097 4580 scripsi,
1116 4521 1465 4566 heretichorum
1478 4525 1517 4565 B
1535 4521 1645 4566 here
1664 4538 1688 4561 *
1706 4524 1807 4564 F-
1827 4524 1881 4564 19
1892 4521 2206 4567 imhiciuitate
2218 4526 2258 4564 F
2265 4547 2322 4555 —
2339 4536 2443 4566 mor
2461 4538 2486 4562 *
2503 4525 2543 4565 F
