2880 5893
399 1999 445 2034 10

401 2454 446 2488 15

399 2912 449 2947 20

478 1056 533 1097 88
1150 1059 1500 1104 TRACTATUS
1532 1061 1808 1105 ORIGENIS

480 1184 613 1219 nam
659 1162 709 1219 si
748 1161 1092 1220 solemnitas
1128 1163 1304 1221 huius
1352 1166 1436 1222 sic
1473 1164 1828 1222 celebranda
1876 1177 1966 1223 est
2001 1177 2065 1223 ut
2097 1165 2471 1222 solummodo

481 1254 767 1311 serviatur
799 1253 1012 1323 ventri,
1052 1256 1287 1332 Moyses
1308 1256 1436 1334 ipse
1467 1257 1793 1334 legislator,
1828 1269 1890 1314 ut
1922 1256 2036 1313 iam
2074 1257 2218 1326 dixi,
2256 1257 2314 1314 in
2353 1256 2472 1313 cri-

482 1344 637 1401 mine
678 1357 788 1417 est,
836 1345 936 1422 qui
987 1345 1378 1424 quadraginta
1425 1346 1637 1403 diebus
1681 1346 1951 1404 ieiunans
2002 1348 2310 1405 sabbatum
2353 1369 2470 1404 non

480 1435 752 1495 servavit.
784 1435 939 1493 Elias
961 1457 1198 1513 quoque
1228 1437 1619 1517 qnadraginta
1647 1439 1858 1495 diebus
1883 1451 1941 1496 et
1963 1439 2240 1495 noctibus
2270 1439 2475 1495 simili-

483 1539 571 1583 ter
608 1525 898 1605 impastus
939 1539 1203 1584 ventrem
1246 1540 1334 1585 tot
1369 1528 1579 1585 diebus
1631 1529 2013 1585 sabbatorum
2063 1529 2263 1607 inopia
2304 1529 2474 1586 cibo-

483 1639 612 1673 rum
670 1618 962 1688 exhausit,
1019 1618 1283 1699 fatigavit
1334 1632 1392 1676 et
1448 1622 1710 1677 exercuit
1760 1643 1771 1676 ε
1818 1632 2020 1677 contra
2076 1620 2269 1698 legem
2324 1643 2468 1700 ergo

484 1709 686 1786 utique
724 1708 885 1777 fecit,
926 1707 973 1765 si
1017 1710 1249 1767 sabbati
1286 1723 1718 1768 sacramentum
1764 1725 1853 1769 est
1889 1713 2055 1790 copia
2103 1712 2373 1768 ciborum
2419 1724 2477 1768 et

482 1799 745 1857 cruditas
780 1799 1026 1857 ventris,
1080 1802 1192 1858 Par
1220 1803 1515 1859 accusatio
1556 1803 1733 1860 etiam
1776 1803 2083 1860 Danielem
2122 1815 2309 1872 tenet,
2358 1824 2474 1859 non

483 1891 725 1969 quidem
759 1903 958 1948 tantos
999 1891 1129 1949 dies
1167 1894 1548 1951 sabbatorum
1594 1894 1920 1951 secundum
1962 1894 2108 1951 istos
2146 1894 2471 1971 profanan-

481 1995 623 2052 tem,
668 1982 772 2039 sed
815 1995 874 2040 et
911 1995 1109 2040 tamen
1150 1984 1561 2062 profanantem
1605 2009 1617 2040 :
1658 1984 1756 2042 hic
1796 1984 2016 2042 etenim
2059 1985 2256 2042 tribus
2299 1986 2477 2063 septi-

483 2074 673 2131 manis
700 2073 1004 2131 ieiunavit.
1039 2077 1186 2132 Item
1213 2075 1524 2132 Zacharias
1554 2098 1673 2133 non
1701 2088 1931 2133 tantum
1961 2076 2188 2154 quartis
2225 2088 2282 2133 et
2311 2076 2478 2153 quin—

483 2165 559 2222 tis
603 2179 659 2223 et
702 2165 974 2233 decimiS,
1023 2166 1127 2223 sed
1162 2166 1308 2243 ipsis
1351 2188 1588 2246 quoque
1636 2166 1908 2246 septimis
1951 2166 2258 2236 ieiunavit,
2290 2167 2350 2224 id
2390 2180 2480 2223 est

484 2257 753 2316 sabbato,
787 2259 860 2313 Et
883 2257 1184 2335 quomodo
1211 2256 1310 2314 isti
1341 2258 1627 2315 caelestes
1651 2270 1738 2316 tot
1770 2259 2032 2315 visiones
2070 2258 2271 2315 videre
2311 2258 2479 2336 digni

487 2348 745 2416 fuerunt,
788 2349 837 2405 si
875 2349 1322 2425 profanatorum
1359 2350 1742 2406 sabbatorum
1790 2349 1875 2407 rei
1922 2371 2051 2407 esse
2094 2349 2482 2406 meruerunt?

485 2441 601 2497 Aut
633 2439 681 2495 si
717 2438 943 2495 crimen
972 2461 1264 2497 summum
1294 2453 1384 2497 est
1412 2440 1675 2497 sabbatis
1706 2440 1931 2518 aliquid
1957 2462 2154 2519 agere,
2180 2441 2481 2518 quomodo

485 2534 647 2589 Iesus
693 2533 848 2589 Nave
902 2551 1212 2587 successor
1256 2532 1448 2609 Moysi
1507 2543 1643 2588 octo
1682 2532 1897 2589 diebus
1950 2532 2244 2589 contextis
2298 2543 2475 2609 atque

484 2621 806 2690 continuiS‚
838 2621 995 2678 inter
1031 2644 1179 2700 quos
1217 2634 1341 2679 erat
1373 2622 1576 2700 utique
1613 2635 1671 2679 et
1706 2623 1937 2679 sabbati
1970 2622 2122 2691 dies,
2155 2623 2480 2680 exercitum

488 2725 773 2771 armatum
802 2712 1103 2791 produxit,
1140 2725 1209 2770 et*
1230 2726 1421 2771 castra
1450 2726 1507 2771 et
1539 2736 1733 2771 arcam
1761 2713 1869 2771 Dei
1905 2735 2037 2771 curn
2067 2714 2482 2771 sacerdotibus

488 2816 547 2861 et
576 2804 852 2861 omnibus
889 2804 1239 2885 regionibus
1278 2804 1497 2861 movit?
1531 2804 1703 2861 Circa
1740 2826 1940 2861 muros
1981 2806 2154 2861 etiam
2193 2805 2482 2862 Hiericho

488 2894 885 2953 circumduxit
920 2916 1154 2977 agmen,
1195 2908 1252 2951 ct
1288 2908 1493 2952 octavo
1538 2895 1634 2952 die
1671 2908 1735 2953 ut
1772 2896 1933 2953 tubis
1975 2896 2159 2953 sacris
2197 2908 2484 2954 canerent

487 2985 897 3043 sacerdotibus
923 2985 1257 3064 imperavit.
1291 2988 1364 3044 Et
1400 2987 1448 3043 si
1482 2986 1671 3064 possit
1705 2986 2000 3055 denotari,
2042 2987 2311 3044 fortassis
2353 2987 2482 3044 dies

490 3077 720 3134 sabbati
764 3076 874 3133 fuit
908 3099 1026 3156 quo
1073 3077 1225 3134 muri
1263 3076 1544 3135 Hiericho
1578 3076 1649 3134 ad
1681 3079 1958 3135 tubarum
1988 3077 2483 3135 murmurantium

489 3168 804 3245 strepitum
832 3167 959 3224 sinc
991 3167 1151 3225 bello
1180 3180 1448 3235 ruerunt,
1486 3180 1546 3226 et
1572 3168 1645 3225 ad
1674 3169 1993 3227 clamorem
2029 3168 2238 3226 armati
2274 3169 2483 3247 populi

545 3375 567 3417 1
594 3374 733 3417 huius
775 3373 868 3416 diei
916 3373 1122 3416 raemisit
1142 3378 1180 3416 F
1195 3399 1252 3407 --
1270 3374 1337 3416 sic
1359 3389 1398 3416 c.
1420 3374 1509 3432 est]
1534 3392 1558 3413 ιι
1574 3392 1598 3414 *
1621 3389 1670 3417 es
1682 3378 1780 3417 F—
1801 3375 2116 3432 solummodo]
2132 3376 2361 3432 sanguine
2381 3379 2487 3418 F·-

489 3433 515 3473 2
530 3432 683 3474 ventri
752 3390 914 3487 oyses5
930 3446 955 3468 *
973 3446 998 3470 -κ
1019 3444 1092 3472 ses
1111 3433 1211 3472 F—
1227 3430 1320 3472 dixi
1343 3429 1390 3471 in
1410 3445 1450 3473 c.
1475 3431 1564 3488 est]
1591 3447 1616 3468 ιι
1632 3447 1656 3469 *
1675 3447 1699 3469 ι»
1718 3447 1743 3469 *
1764 3435 1869 3473 F—
1883 3433 1907 3473 3
1922 3431 2156 3488 ieiunans]
2178 3432 2220 3474 ie
2235 3448 2260 3469 *
2273 3435 2372 3473 F—
2383 3433 2489 3474 sab-

489 3486 670 3542 batum]
698 3503 723 3525 *
741 3491 896 3528 autem
921 3488 956 3527 F
972 3510 1029 3518 —
1045 3487 1072 3527 4
1090 3485 1423 3543 quadraginta]
1450 3502 1475 3524 νε
1496 3489 1534 3528 F
1554 3510 1609 3518 —
1631 3489 1655 3527 5
1676 3485 1929 3543 impastus]
1957 3487 2005 3529 in
2025 3504 2047 3525 ιι
2070 3490 2108 3529 F
2124 3513 2180 3519 —-
2205 3487 2434 3544 ventrem]
2462 3504 2487 3526 *

489 3546 529 3584 F
543 3567 600 3574 -
619 3547 689 3584 tot
707 3541 892 3597 diebus]
917 3546 1015 3583 toto
1040 3540 1180 3597 (totos
1200 3540 1278 3598 ΡΒ)
1302 3541 1402 3583 dies
1425 3545 1463 3583 F
1477 3540 1712 3597 —inopia
1732 3542 1963 3600 ciborum]
1986 3546 2025 3584 Β
2044 3544 2090 3584 in
2113 3557 2254 3598 marg.
2280 3566 2335 3574 -
2356 3543 2487 3585 cibo—

491 3597 614 3653 rum]
650 3614 673 3635 ,ν
707 3601 741 3637 F
766 3622 822 3628 -
854 3600 880 3638 6
911 3596 1142 3662 exhausit]
1178 3603 1223 3639 et
1245 3596 1369 3638 ausit
1396 3600 1435 3638 F
1458 3623 1513 3628 —
1547 3596 1779 3653 fatigavit]
1820 3598 2043 3654 fatigatus
2066 3599 2122 3640 F2
2158 3614 2213 3639 em
2249 3598 2402 3641 ...abit
2432 3625 2486 3630 —

491 3653 714 3707 exercuit]
731 3651 966 3706 praemisit
986 3654 1039 3693 F2
1055 3653 1164 3707 quid
1185 3667 1297 3707 ergo
1322 3652 1459 3694 istam
1474 3652 1623 3707 legem
1640 3657 1683 3693 et
1705 3654 1847 3694 erasit
1860 3660 1967 3695 et—
1980 3653 2152 3709 legem]
2170 3657 2316 3705 Bsup.
2337 3653 2417 3697 lin.
2433 3679 2489 3685 -—

492 3711 666 3749 Contra
691 3709 838 3762 legem
865 3708 995 3763 ergo]
1022 3723 1105 3748 con
1131 3726 1153 3747 κ
1170 3725 1193 3747 *
1212 3725 1236 3747 *
1260 3723 1286 3749 o
1308 3711 1346 3749 F
1363 3731 1411 3739 —
1432 3710 1454 3749 7
1480 3715 1550 3749 est
1572 3708 1727 3772 copia]
1751 3727 1772 3747 *
1794 3725 1816 3747 ,ι
1838 3708 1870 3749 li
1892 3713 1999 3751 F—
2021 3714 2046 3750 8
2068 3709 2297 3765 cruditas]
2321 3710 2489 3750 crude-

490 3765 599 3805 litas
624 3767 732 3805 F—
756 3766 844 3805 Par
867 3764 1123 3820 accusatio]
1150 3780 1210 3802 ve*
1241 3763 1426 3805 cusacio
1449 3766 1557 3804 F—
1578 3765 1738 3820 etiam]
1766 3765 1872 3804 add.
1905 3770 1948 3806 et
1974 3768 2012 3805 F
2029 3790 2081 3796 ——
2107 3765 2357 3819 Danielem]
2383 3769 2418 3806 B
2434 3769 2489 3805 F-e

494 3820 645 3863 ...lum
669 3822 707 3861 F
723 3843 777 3851 —
808 3833 899 3860 non
929 3818 1134 3875 quidem]
1165 3836 1188 3858 *
1205 3836 1228 3858 *
1252 3819 1356 3861 dem
1380 3822 1418 3860 F
1435 3843 1489 3850 -
1510 3821 1537 3861 9
1558 3824 1714 3861 tantos
1746 3820 1863 3876 dies]
1889 3824 1928 3862 B
1953 3823 2011 3862 F²
2045 3820 2211 3864 ...tism
2236 3821 2350 3863 ebus
2381 3824 2418 3862 F
2438 3844 2488 3853 --

492 3874 820 3932 sabbatorum]
840 3873 1027 3917 sabbati
1050 3877 1087 3916 F
1095 3899 1151 3906 —
1165 3874 1512 3931 profanantem]
1531 3892 1555 3914 *
1576 3876 1811 3917 sanantem
1833 3874 2004 3932 F—et]
2028 3876 2095 3917 sic
2113 3879 2150 3917 F
2162 3900 2211 3906 —
2230 3876 2282 3917 10
2296 3876 2487 3933 etenim]

491 3937 537 3974 et
559 3947 582 3970 *
596 3934 699 3972 F—
715 3930 1012 3986 septimanis]
1028 3933 1067 3971 Β
1083 3931 1140 3972 F2
1157 3930 1479 3994 septimannas
1494 3934 1595 3972 F—-
1610 3932 1658 3972 11
1677 3930 1812 3987 Item]
1832 3946 1916 3973 om.
1937 3934 2038 3972 F—
2057 3930 2119 3987 et]
2140 3934 2277 3973 Fom.
2300 3934 2338 3973 B
2360 3956 2412 3963 —
2435 3932 2488 3973 12

492 3985 594 4042 sed]
628 3985 739 4027 add.
772 3985 915 4028 etiam
947 3989 986 4028 F
1010 4010 1067 4018 —-
1101 4000 1148 4027 se
1187 3985 1333 4042 timis]
1361 3985 1470 4027 add.
1504 3985 1551 4026 id
1575 3992 1646 4028 est
1676 3986 1888 4029 sabbatis
1916 3990 2028 4028 F—
2060 3988 2110 4028 13
2143 3987 2198 4027 Et
2229 3987 2488 4042 quomodo-

494 4041 781 4098 meruerunt]
817 4057 900 4082 om.
939 4044 978 4083 B
996 4041 1146 4083 ——isti
1199 4043 1255 4082 F2
1283 4041 1348 4084 uti
1372 4045 1481 4083 F—
1503 4042 1727 4083 caelestes
1759 4041 1844 4084 vis.
1878 4041 2051 4097 videre]
2077 4042 2134 4083 F2
2166 4041 2211 4082 in
2242 4057 2335 4083 ras.
2360 4068 2415 4074 -—
2438 4043 2487 4083 11.

494 4097 701 4153 fuerunt]
726 4097 917 4151 correxi,
946 4097 1116 4139 suerint
1136 4100 1175 4139 F
1194 4103 1353 4141 ...rant
1378 4097 1434 4138 F2
1451 4121 1507 4129 —-
1528 4098 1815 4154 meruerunt]
1842 4104 2003 4141 ...rant
2027 4099 2083 4138 F2
2105 4121 2161 4128 -
2182 4098 2234 4138 15
2260 4097 2368 4153 Aut]
2399 4113 2483 4138 om.

492 4156 530 4194 Β
549 4176 606 4185 -
628 4154 680 4194 16
705 4152 855 4210 Iesus]
883 4155 941 4193 F2
968 4167 1076 4196 ...su
1101 4155 1140 4193 B
1162 4155 1271 4194 F—
1302 4167 1547 4194 successor
1568 4153 1628 4196 M.
1656 4153 1779 4209 octo]
1810 4168 1970 4195 succes
1998 4169 2060 4191 Η
2077 4169 2100 4192 *
2129 4156 2168 4194 F
2187 4177 2237 4185 ——
2262 4154 2311 4194 17
2337 4153 2488 4194 conti-

491 4208 597 4250 nuis
622 4208 653 4250 i.
687 4208 824 4265 quos]
861 4214 969 4249 cont
998 4225 1022 4247 *
1042 4224 1067 4247 *
1085 4224 1109 4247 *
1134 4209 1174 4249 F
1202 4232 1257 4241 —
1285 4208 1385 4250 dies
1413 4208 1682 4265 exercitum]
1706 4208 1751 4250 di
1776 4225 1799 4248 *
1819 4225 1843 4248 ιι
1864 4215 1940 4250 tus
1962 4211 2001 4249 F
2017 4232 2073 4240 —
2095 4209 2145 4250 18
2168 4215 2212 4250 et
2233 4208 2408 4265 castra]
2435 4223 2490 4250 ex

492 4264 635 4306 astris
664 4267 702 4305 F
732 4288 781 4294 —
804 4269 849 4305 et
878 4279 905 4305 a
928 4280 951 4303 *
967 4280 992 4303 ψ
1011 4280 1035 4304 *
1050 4280 1074 4302 *
1096 4263 1284 4305 dotibus
1307 4267 1344 4305 F
1361 4288 1417 4296 --
1437 4264 1490 4305 19
1514 4264 1655 4307 movit
1675 4264 1819 4321 circa]
1845 4281 1869 4303 *
1892 4280 1916 4303 *
1939 4267 1977 4305 F
1994 4288 2049 4296 —-
2077 4265 2130 4305 20
2154 4264 2485 4321 circumduxit]

490 4319 668 4375 scripsi,
700 4319 994 4361 circunduxit
1018 4321 1056 4361 B
1076 4319 1171 4361 circ
1193 4336 1217 4359 ιι
1242 4322 1277 4360 F
1299 4344 1351 4351 —
1378 4334 1545 4376 agmen
1571 4320 1634 4375 et]
1669 4336 1692 4358 *
1712 4336 1736 4359 ιι
1758 4322 1796 4361 F
1811 4344 1867 4351 -
1892 4320 2024 4375 sagi-i
2042 4336 2065 4358 ve
2086 4336 2108 4357 ,ι
2124 4336 2147 4358 *
2166 4320 2354 4361 dotibus
2376 4323 2413 4361 F
2433 4344 2490 4352 —-

491 4376 542 4417 21
567 4375 836 4433 imperavit]
864 4375 961 4432 inp.
985 4376 1147 4417 F—21
1176 4375 1330 4432 possit
1347 4375 1392 4419 d.
1416 4375 1647 4433 fortassis]
1671 4390 1702 4432 p
1726 4392 1790 4414 *a*
1810 4392 1833 4414 π
1857 4376 2023 4417 F-22
2046 4390 2137 4431 quo
2159 4390 2220 4417 m.
2251 4375 2465 4417 Hiericho

492 4446 557 4528 *l*
574 4446 599 4470 *
629 4430 759 4472 richo
788 4433 911 4528 FF—
943 4444 1172 4474 murmur.
1206 4432 1372 4489 strep.]
1406 4445 1617 4474 murmor
1646 4448 1711 4471 *a*
1732 4433 1840 4472 F—
1867 4432 1921 4472 23
1944 4431 2199 4474 clamorem
2228 4446 2270 4473 a.
2304 4432 2467 4488 populi

492 4501 517 4528 c
539 4500 671 4529 amor
692 4502 717 4526 *
736 4503 761 4527 ἡ
775 4503 800 4526 ιι
