<?xml version="1.0" encoding="UTF-8"?>
<!DOCTYPE html PUBLIC "-//W3C//DTD XHTML 1.0 Transitional//EN"
    "http://www.w3.org/TR/xhtml1/DTD/xhtml1-transitional.dtd">
<html xmlns="http://www.w3.org/1999/xhtml" xml:lang="en" lang="en">
 <head>
  <title>
</title>
<meta http-equiv="Content-Type" content="text/html;charset=utf-8" />
  <meta name='ocr-system' content='tesseract 3.04.00' />
  <meta name='ocr-capabilities' content='ocr_page ocr_carea ocr_par ocr_line ocrx_word'/>
</head>
<body>
  <div class='ocr_page' id='page_1' title='image "./tractatusorigen00batigoog_0106.png"; bbox 0 0 2880 5893; ppageno 0'>
   <div class='ocr_carea' id='block_1_1' title="bbox 476 2267 499 2302">
    <p class='ocr_par' dir='ltr' id='par_1_1' title="bbox 476 2267 499 2302">
     <span class='ocr_line' id='line_1_1' title="bbox 476 2267 499 2302; baseline 0 0"><span class='ocrx_word' id='word_1_1' title='bbox 476 2267 499 2302; x_wconf 74' lang='lat'><strong>5</strong></span> 
     </span>
    </p>
   </div>
   <div class='ocr_carea' id='block_1_2' title="bbox 455 2723 501 2758">
    <p class='ocr_par' dir='ltr' id='par_1_2' title="bbox 455 2723 501 2758">
     <span class='ocr_line' id='line_1_2' title="bbox 455 2723 501 2758; baseline -0.022 0"><span class='ocrx_word' id='word_1_2' title='bbox 455 2723 501 2758; x_wconf 88' lang='grc'><em>10</em></span> 
     </span>
    </p>
   </div>
   <div class='ocr_carea' id='block_1_3' title="bbox 456 3179 501 3214">
    <p class='ocr_par' dir='ltr' id='par_1_3' title="bbox 456 3179 501 3214">
     <span class='ocr_line' id='line_1_3' title="bbox 456 3179 501 3214; baseline -0.022 0"><span class='ocrx_word' id='word_1_3' title='bbox 456 3179 501 3214; x_wconf 82' lang='grc'><em>15</em></span> 
     </span>
    </p>
   </div>
   <div class='ocr_carea' id='block_1_4' title="bbox 532 1092 1855 1140">
    <p class='ocr_par' dir='ltr' id='par_1_4' title="bbox 532 1092 1855 1140">
     <span class='ocr_line' id='line_1_4' title="bbox 532 1092 1855 1140; baseline 0.003 -5"><span class='ocrx_word' id='word_1_4' title='bbox 532 1092 584 1135; x_wconf 90' lang='grc'><em>76</em></span> <span class='ocrx_word' id='word_1_5' title='bbox 1198 1095 1547 1140; x_wconf 79' lang='lat' dir='ltr'>TRACTATUS</span> <span class='ocrx_word' id='word_1_6' title='bbox 1578 1097 1855 1140; x_wconf 83' lang='lat' dir='ltr'><strong>ORIGENIS</strong></span> 
     </span>
    </p>
   </div>
   <div class='ocr_carea' id='block_1_5' title="bbox 1435 1571 1648 1681">
    <p class='ocr_par' dir='ltr' id='par_1_5' title="bbox 1435 1571 1648 1681">
     <span class='ocr_line' id='line_1_5' title="bbox 1435 1571 1648 1681; baseline 0 -16"><span class='ocrx_word' id='word_1_7' title='bbox 1435 1571 1648 1681; x_wconf 89' lang='lat' dir='ltr'>[VII]</span> 
     </span>
    </p>
   </div>
   <div class='ocr_carea' id='block_1_6' title="bbox 613 1975 2533 2056">
    <p class='ocr_par' dir='ltr' id='par_1_6' title="bbox 613 1975 2533 2056">
     <span class='ocr_line' id='line_1_6' title="bbox 613 1975 2533 2056; baseline 0.001 -25"><span class='ocrx_word' id='word_1_8' title='bbox 613 1976 975 2032; x_wconf 75' lang='lat' dir='ltr'><em>Exsurrexit</em></span> <span class='ocrx_word' id='word_1_9' title='bbox 1010 1987 1207 2032; x_wconf 77' lang='lat' dir='ltr'><em>autem</em></span> <span class='ocrx_word' id='word_1_10' title='bbox 1252 1997 1360 2032; x_wconf 74' lang='lat' dir='ltr'><em>rex</em></span> <span class='ocrx_word' id='word_1_11' title='bbox 1387 1975 1544 2032; x_wconf 78' lang='lat' dir='ltr'><em>alius</em></span> <span class='ocrx_word' id='word_1_12' title='bbox 1579 1980 1636 2032; x_wconf 85' lang='lat' dir='ltr'><em>in</em></span> <span class='ocrx_word' id='word_1_13' title='bbox 1680 1975 1945 2055; x_wconf 79' lang='lat' dir='ltr'><em>Aegypto</em></span> <span class='ocrx_word' id='word_1_14' title='bbox 1986 1981 2092 2056; x_wconf 76' lang='lat' dir='ltr'><em>qui</em></span> <span class='ocrx_word' id='word_1_15' title='bbox 2134 1999 2250 2033; x_wconf 88' lang='lat' dir='ltr'><em>non</em></span> <span class='ocrx_word' id='word_1_16' title='bbox 2289 1991 2533 2034; x_wconf 71' lang='lat' dir='ltr'><em>noverat</em></span> 
     </span>
    </p>
   </div>
   <div class='ocr_carea' id='block_1_7' title="bbox 532 2066 2531 2239">
    <p class='ocr_par' dir='ltr' id='par_1_7' title="bbox 532 2066 2531 2239">
     <span class='ocr_line' id='line_1_7' title="bbox 535 2066 2530 2146; baseline 0.002 -24"><span class='ocrx_word' id='word_1_17' title='bbox 535 2066 763 2143; x_wconf 78' lang='lat' dir='ltr'><em>Ioseph.</em></span> <span class='ocrx_word' id='word_1_18' title='bbox 790 2068 1063 2145; x_wconf 74' lang='lat' dir='ltr'><em>Dixitque</em></span> <span class='ocrx_word' id='word_1_19' title='bbox 1081 2071 1248 2145; x_wconf 81' lang='lat' dir='ltr'><em>genti</em></span> <span class='ocrx_word' id='word_1_20' title='bbox 1261 2087 1408 2124; x_wconf 80' lang='lat' dir='ltr'><em>snae</em></span> <span class='ocrx_word' id='word_1_21' title='bbox 1427 2089 1444 2123; x_wconf 89' lang='lat'><em>:</em></span> <span class='ocrx_word' id='word_1_22' title='bbox 1467 2067 1619 2124; x_wconf 83' lang='lat' dir='ltr'><em>Ecce</em></span> <span class='ocrx_word' id='word_1_23' title='bbox 1642 2089 1787 2146; x_wconf 80' lang='lat' dir='ltr'><em>gens</em></span> <span class='ocrx_word' id='word_1_24' title='bbox 1812 2068 2074 2143; x_wconf 81' lang='lat' dir='ltr'><em>filiorum</em></span> <span class='ocrx_word' id='word_1_25' title='bbox 2096 2069 2292 2125; x_wconf 81' lang='lat' dir='ltr'><em>Israel</em></span> <span class='ocrx_word' id='word_1_26' title='bbox 2309 2090 2530 2146; x_wconf 84' lang='lat' dir='ltr'><em>magna</em></span> 
     </span>
     <span class='ocr_line' id='line_1_8' title="bbox 532 2161 2531 2239; baseline 0.001 -24"><span class='ocrx_word' id='word_1_27' title='bbox 532 2161 696 2239; x_wconf 80' lang='lat' dir='ltr'><em>facta</em></span> <span class='ocrx_word' id='word_1_28' title='bbox 735 2173 819 2215; x_wconf 79' lang='lat' dir='ltr'><em>est</em></span> <span class='ocrx_word' id='word_1_29' title='bbox 845 2172 900 2215; x_wconf 77' lang='lat' dir='ltr'><em>et</em></span> <span class='ocrx_word' id='word_1_30' title='bbox 927 2164 1220 2238; x_wconf 79' lang='lat' dir='ltr'><em>potentior</em></span> <span class='ocrx_word' id='word_1_31' title='bbox 1241 2181 1421 2239; x_wconf 81' lang='lat' dir='ltr'><em>quam</em></span> <span class='ocrx_word' id='word_1_32' title='bbox 1448 2182 1574 2219; x_wconf 85' lang='lat' dir='ltr'><em>nos.</em></span> <span class='ocrx_word' id='word_1_33' title='bbox 1611 2162 1815 2239; x_wconf 79' lang='lat' dir='ltr'><em>Itaque</em></span> <span class='ocrx_word' id='word_1_34' title='bbox 1842 2165 2025 2218; x_wconf 73' lang='lat' dir='ltr'><em>venite</em></span> <span class='ocrx_word' id='word_1_35' title='bbox 2050 2161 2374 2217; x_wconf 75' lang='lat' dir='ltr'><strong><em>subdamus</em></strong></span> <span class='ocrx_word' id='word_1_36' title='bbox 2404 2161 2531 2219; x_wconf 81' lang='lat' dir='ltr'><em>illos</em></span> 
     </span>
    </p>
   </div>
   <div class='ocr_carea' id='block_1_8' title="bbox 536 2253 2531 2331">
    <p class='ocr_par' dir='ltr' id='par_1_8' title="bbox 536 2253 2531 2331">
     <span class='ocr_line' id='line_1_9' title="bbox 536 2253 2531 2331; baseline 0.001 -24"><span class='ocrx_word' id='word_1_37' title='bbox 536 2272 607 2307; x_wconf 86' lang='lat' dir='ltr'><em>ne</em></span> <span class='ocrx_word' id='word_1_38' title='bbox 661 2272 805 2306; x_wconf 79' lang='lat' dir='ltr'><em>casn</em></span> <span class='ocrx_word' id='word_1_39' title='bbox 852 2254 1387 2327; x_wconf 76' lang='lat' dir='ltr'><em>superincrescant,</em></span> <span class='ocrx_word' id='word_1_40' title='bbox 1443 2263 1497 2309; x_wconf 83' lang='lat' dir='ltr'><em>et</em></span> <span class='ocrx_word' id='word_1_41' title='bbox 1538 2272 1611 2308; x_wconf 86' lang='lat' dir='ltr'><em>ne</em></span> <span class='ocrx_word' id='word_1_42' title='bbox 1647 2254 1803 2330; x_wconf 78' lang='lat' dir='ltr'><em>fhrce</em></span> <span class='ocrx_word' id='word_1_43' title='bbox 1846 2272 1978 2308; x_wconf 80' lang='lat' dir='ltr'><em>cam</em></span> <span class='ocrx_word' id='word_1_44' title='bbox 2018 2256 2324 2331; x_wconf 76' lang='lat' dir='ltr'><em>contigerit</em></span> <span class='ocrx_word' id='word_1_45' title='bbox 2366 2253 2531 2309; x_wconf 82' lang='lat' dir='ltr'><em>nobis</em></span> 
     </span>
    </p>
   </div>
   <div class='ocr_carea' id='block_1_9' title="bbox 531 2342 2532 2422">
    <p class='ocr_par' dir='ltr' id='par_1_9' title="bbox 531 2342 2532 2422">
     <span class='ocr_line' id='line_1_10' title="bbox 531 2342 2532 2422; baseline 0.001 -24"><span class='ocrx_word' id='word_1_46' title='bbox 531 2363 735 2421; x_wconf 77' lang='lat' dir='ltr'><em>pugna</em></span> <span class='ocrx_word' id='word_1_47' title='bbox 765 2346 1132 2399; x_wconf 77' lang='lat' dir='ltr'><em>consentiant</em></span> <span class='ocrx_word' id='word_1_48' title='bbox 1150 2342 1214 2399; x_wconf 81' lang='lat' dir='ltr'><em>hi</em></span> <span class='ocrx_word' id='word_1_49' title='bbox 1236 2363 1369 2399; x_wconf 82' lang='lat' dir='ltr'><em>cam</em></span> <span class='ocrx_word' id='word_1_50' title='bbox 1393 2347 1495 2409; x_wconf 67' lang='lat' dir='ltr'><em>eie,</em></span> <span class='ocrx_word' id='word_1_51' title='bbox 1521 2357 1575 2399; x_wconf 84' lang='lat' dir='ltr'><em>et</em></span> <span class='ocrx_word' id='word_1_52' title='bbox 1594 2357 1928 2422; x_wconf 66' lang='lat' dir='ltr'><em>expugnent</em></span> <span class='ocrx_word' id='word_1_53' title='bbox 1951 2365 2076 2412; x_wconf 71' lang='lat' dir='ltr'><em>noe,</em></span> <span class='ocrx_word' id='word_1_54' title='bbox 2104 2356 2156 2399; x_wconf 82' lang='lat' dir='ltr'><em>et</em></span> <span class='ocrx_word' id='word_1_55' title='bbox 2186 2348 2402 2401; x_wconf 79' lang='lat' dir='ltr'><em>eiciant</em></span> <span class='ocrx_word' id='word_1_56' title='bbox 2427 2366 2532 2401; x_wconf 79' lang='lat' dir='ltr'><em>nos</em></span> 
     </span>
    </p>
   </div>
   <div class='ocr_carea' id='block_1_10' title="bbox 537 2433 2535 3426">
    <p class='ocr_par' dir='ltr' id='par_1_10' title="bbox 537 2433 1105 2490">
     <span class='ocr_line' id='line_1_11' title="bbox 537 2433 1105 2490; baseline 0 -1"><span class='ocrx_word' id='word_1_57' title='bbox 537 2433 607 2490; x_wconf 86' lang='lat' dir='ltr'><em>de</em></span> <span class='ocrx_word' id='word_1_58' title='bbox 635 2447 797 2489; x_wconf 79' lang='lat' dir='ltr'><em>terra</em></span> <span class='ocrx_word' id='word_1_59' title='bbox 834 2445 1042 2490; x_wconf 76' lang='lat' dir='ltr'><em>nostra</em></span> <span class='ocrx_word' id='word_1_60' title='bbox 1063 2433 1105 2489; x_wconf 86' lang='lat'><em>¹.</em></span> 
     </span>
    </p>

    <p class='ocr_par' dir='ltr' id='par_1_11' title="bbox 538 2523 2535 3426">
     <span class='ocr_line' id='line_1_12' title="bbox 619 2523 2534 2602; baseline 0.001 -21"><span class='ocrx_word' id='word_1_61' title='bbox 619 2525 885 2602; x_wconf 85' lang='lat' dir='ltr'><em>Longum</em></span> <span class='ocrx_word' id='word_1_62' title='bbox 926 2537 1018 2581; x_wconf 89' lang='lat' dir='ltr'><em>est</em></span> <span class='ocrx_word' id='word_1_63' title='bbox 1052 2537 1110 2582; x_wconf 91' lang='lat' dir='ltr'><em>et</em></span> <span class='ocrx_word' id='word_1_64' title='bbox 1147 2523 1287 2581; x_wconf 85' lang='lat' dir='ltr'><em>satis</em></span> <span class='ocrx_word' id='word_1_65' title='bbox 1317 2546 1560 2582; x_wconf 81' lang='lat' dir='ltr'><em>enorme</em></span> <span class='ocrx_word' id='word_1_66' title='bbox 1600 2525 1671 2582; x_wconf 91' lang='lat' dir='ltr'><em>de</em></span> <span class='ocrx_word' id='word_1_67' title='bbox 1711 2524 2067 2583; x_wconf 81' lang='lat' dir='ltr'><em>necessitate</em></span> <span class='ocrx_word' id='word_1_68' title='bbox 2093 2537 2153 2582; x_wconf 91' lang='lat' dir='ltr'><em>et</em></span> <span class='ocrx_word' id='word_1_69' title='bbox 2187 2525 2259 2583; x_wconf 88' lang='lat' dir='ltr'><em>de</em></span> <span class='ocrx_word' id='word_1_70' title='bbox 2289 2525 2534 2583; x_wconf 89' lang='lat' dir='ltr'><em>descen-</em></span> 
     </span>
     <span class='ocr_line' id='line_1_13' title="bbox 540 2614 2535 2694; baseline 0.001 -23"><span class='ocrx_word' id='word_1_71' title='bbox 540 2614 704 2671; x_wconf 85' lang='lat' dir='ltr'><em>sione</em></span> <span class='ocrx_word' id='word_1_72' title='bbox 747 2614 950 2693; x_wconf 89' lang='lat' dir='ltr'><em>populi</em></span> <span class='ocrx_word' id='word_1_73' title='bbox 1007 2615 1064 2671; x_wconf 90' lang='lat' dir='ltr'><em>in</em></span> <span class='ocrx_word' id='word_1_74' title='bbox 1112 2615 1451 2694; x_wconf 81' lang='lat' dir='ltr'><em>Aegyptum</em></span> <span class='ocrx_word' id='word_1_75' title='bbox 1498 2615 1828 2694; x_wconf 85' lang='lat' dir='ltr'><em>disputare.</em></span> <span class='ocrx_word' id='word_1_76' title='bbox 1879 2615 2194 2674; x_wconf 82' lang='lat' dir='ltr'><em>Manifesta</em></span> <span class='ocrx_word' id='word_1_77' title='bbox 2235 2618 2392 2674; x_wconf 90' lang='lat' dir='ltr'><em>enim</em></span> <span class='ocrx_word' id='word_1_78' title='bbox 2444 2629 2535 2673; x_wconf 90' lang='lat' dir='ltr'><em>est</em></span> 
     </span>
     <span class='ocr_line' id='line_1_14' title="bbox 538 2706 2534 2790; baseline 0.001 -28"><span class='ocrx_word' id='word_1_79' title='bbox 538 2706 786 2763; x_wconf 84' lang='lat' dir='ltr'><em>historia</em></span> <span class='ocrx_word' id='word_1_80' title='bbox 826 2719 883 2763; x_wconf 88' lang='lat' dir='ltr'><em>et</em></span> <span class='ocrx_word' id='word_1_81' title='bbox 922 2707 1239 2764; x_wconf 81' lang='lat' dir='ltr'>admodum</span> <span class='ocrx_word' id='word_1_82' title='bbox 1284 2707 1560 2764; x_wconf 88' lang='lat' dir='ltr'><em>omnibus</em></span> <span class='ocrx_word' id='word_1_83' title='bbox 1595 2720 1753 2765; x_wconf 84' lang='lat' dir='ltr'><em>nota.</em></span> <span class='ocrx_word' id='word_1_84' title='bbox 1813 2708 1932 2765; x_wconf 87' lang='lat' dir='ltr'><em>Sed</em></span> <span class='ocrx_word' id='word_1_85' title='bbox 1968 2709 2082 2765; x_wconf 93' lang='lat' dir='ltr'><em>hoc</em></span> <span class='ocrx_word' id='word_1_86' title='bbox 2130 2708 2315 2790; x_wconf 81' lang='lat' dir='ltr'><em>magis</em></span> <span class='ocrx_word' id='word_1_87' title='bbox 2365 2709 2534 2766; x_wconf 84' lang='lat' dir='ltr'><em>labo-</em></span> 
     </span>
     <span class='ocr_line' id='line_1_15' title="bbox 540 2797 2533 2869; baseline 0.002 -16"><span class='ocrx_word' id='word_1_88' title='bbox 540 2797 791 2854; x_wconf 84' lang='lat' dir='ltr'><em>randum</em></span> <span class='ocrx_word' id='word_1_89' title='bbox 839 2810 928 2854; x_wconf 90' lang='lat' dir='ltr'><em>est</em></span> <span class='ocrx_word' id='word_1_90' title='bbox 984 2797 1152 2867; x_wconf 89' lang='lat' dir='ltr'><em>mihi,</em></span> <span class='ocrx_word' id='word_1_91' title='bbox 1211 2797 1585 2854; x_wconf 84' lang='lat' dir='ltr'><em>dilectissimi</em></span> <span class='ocrx_word' id='word_1_92' title='bbox 1645 2799 1880 2869; x_wconf 80' lang='lat' dir='ltr'><em>fratreS‚</em></span> <span class='ocrx_word' id='word_1_93' title='bbox 1935 2812 1995 2856; x_wconf 88' lang='lat' dir='ltr'><em>ut</em></span> <span class='ocrx_word' id='word_1_94' title='bbox 2045 2800 2185 2869; x_wconf 89' lang='lat' dir='ltr'><em>vim,</em></span> <span class='ocrx_word' id='word_1_95' title='bbox 2241 2800 2533 2857; x_wconf 89' lang='lat' dir='ltr'><em>rationem</em></span> 
     </span>
     <span class='ocr_line' id='line_1_16' title="bbox 539 2889 2534 2969; baseline 0.001 -24"><span class='ocrx_word' id='word_1_96' title='bbox 539 2900 714 2966; x_wconf 82' lang='lat' dir='ltr'><em>atque</em></span> <span class='ocrx_word' id='word_1_97' title='bbox 736 2889 1083 2967; x_wconf 80' lang='lat' dir='ltr'><em>mysterium</em></span> <span class='ocrx_word' id='word_1_98' title='bbox 1102 2889 1376 2946; x_wconf 87' lang='lat' dir='ltr'><em>lectionis</em></span> <span class='ocrx_word' id='word_1_99' title='bbox 1400 2889 1570 2947; x_wconf 89' lang='lat' dir='ltr'><em>istius</em></span> <span class='ocrx_word' id='word_1_100' title='bbox 1599 2890 1921 2947; x_wconf 89' lang='lat' dir='ltr'><em>secundum</em></span> <span class='ocrx_word' id='word_1_101' title='bbox 1954 2891 2282 2969; x_wconf 86' lang='lat' dir='ltr'><em>spiritalem</em></span> <span class='ocrx_word' id='word_1_102' title='bbox 2305 2891 2534 2949; x_wconf 89' lang='lat' dir='ltr'><em>intelle-</em></span> 
     </span>
     <span class='ocr_line' id='line_1_17' title="bbox 538 2980 2535 3061; baseline 0.001 -25"><span class='ocrx_word' id='word_1_103' title='bbox 538 2980 799 3061; x_wconf 84' lang='lat' dir='ltr'><em>gentiam</em></span> <span class='ocrx_word' id='word_1_104' title='bbox 838 2980 1149 3037; x_wconf 85' lang='lat' dir='ltr'><em>disseram.</em></span> <span class='ocrx_word' id='word_1_105' title='bbox 1198 2980 1264 3037; x_wconf 92' lang='lat' dir='ltr'><em>Id</em></span> <span class='ocrx_word' id='word_1_106' title='bbox 1307 2980 1464 3037; x_wconf 90' lang='lat' dir='ltr'><em>enim</em></span> <span class='ocrx_word' id='word_1_107' title='bbox 1506 2980 1907 3058; x_wconf 82' lang='lat' dir='ltr'><em>disputatione</em></span> <span class='ocrx_word' id='word_1_108' title='bbox 1944 2981 2190 3061; x_wconf 84' lang='lat' dir='ltr'><em>dignum</em></span> <span class='ocrx_word' id='word_1_109' title='bbox 2236 2994 2327 3039; x_wconf 89' lang='lat' dir='ltr'><em>est</em></span> <span class='ocrx_word' id='word_1_110' title='bbox 2374 2981 2535 3059; x_wconf 91' lang='lat' dir='ltr'><em>quod</em></span> 
     </span>
     <span class='ocr_line' id='line_1_18' title="bbox 541 3070 2533 3149; baseline 0.001 -22"><span class='ocrx_word' id='word_1_111' title='bbox 541 3070 1073 3128; x_wconf 81' lang='lat' dir='ltr'><em>suturae·veritatis</em></span> <span class='ocrx_word' id='word_1_112' title='bbox 1115 3071 1432 3149; x_wconf 84' lang='lat' dir='ltr'><em>imaginem</em></span> <span class='ocrx_word' id='word_1_113' title='bbox 1482 3070 1683 3140; x_wconf 81' lang='lat' dir='ltr'><em>habet,</em></span> <span class='ocrx_word' id='word_1_114' title='bbox 1727 3071 1950 3149; x_wconf 88' lang='lat' dir='ltr'><em>quippe</em></span> <span class='ocrx_word' id='word_1_115' title='bbox 1993 3094 2126 3129; x_wconf 88' lang='lat' dir='ltr'><em>cum</em></span> <span class='ocrx_word' id='word_1_116' title='bbox 2166 3072 2314 3129; x_wconf 86' lang='lat' dir='ltr'><em>nihil</em></span> <span class='ocrx_word' id='word_1_117' title='bbox 2355 3074 2432 3130; x_wconf 88' lang='lat' dir='ltr'><em>sit</em></span> <span class='ocrx_word' id='word_1_118' title='bbox 2473 3072 2533 3128; x_wconf 86' lang='lat' dir='ltr'><em>in</em></span> 
     </span>
     <span class='ocr_line' id='line_1_19' title="bbox 540 3162 2534 3242; baseline 0.001 -23"><span class='ocrx_word' id='word_1_119' title='bbox 540 3162 756 3219; x_wconf 86' lang='lat' dir='ltr'><em>divinis</em></span> <span class='ocrx_word' id='word_1_120' title='bbox 791 3162 1092 3240; x_wconf 84' lang='lat' dir='ltr'><em>sacrisque</em></span> <span class='ocrx_word' id='word_1_121' title='bbox 1130 3163 1348 3219; x_wconf 87' lang='lat' dir='ltr'><em>litteris</em></span> <span class='ocrx_word' id='word_1_122' title='bbox 1385 3162 1545 3241; x_wconf 91' lang='lat' dir='ltr'><em>quod</em></span> <span class='ocrx_word' id='word_1_123' title='bbox 1584 3184 1699 3219; x_wconf 90' lang='lat' dir='ltr'><em>non</em></span> <span class='ocrx_word' id='word_1_124' title='bbox 1736 3164 1850 3220; x_wconf 89' lang='lat' dir='ltr'><em>vim</em></span> <span class='ocrx_word' id='word_1_125' title='bbox 1890 3164 2269 3242; x_wconf 80' lang='lat' dir='ltr'><em>praecipuam</em></span> <span class='ocrx_word' id='word_1_126' title='bbox 2298 3163 2534 3222; x_wconf 87' lang='lat' dir='ltr'><em>intelle·</em></span> 
     </span>
     <span class='ocr_line' id='line_1_20' title="bbox 540 3253 2533 3332; baseline 0.002 -24"><span class='ocrx_word' id='word_1_127' title='bbox 540 3253 775 3332; x_wconf 83' lang='lat' dir='ltr'><em>gentiae</em></span> <span class='ocrx_word' id='word_1_128' title='bbox 807 3254 1044 3324; x_wconf 82' lang='lat' dir='ltr'><em>habeat,</em></span> <span class='ocrx_word' id='word_1_129' title='bbox 1085 3253 1224 3310; x_wconf 91' lang='lat' dir='ltr'><em>dum</em></span> <span class='ocrx_word' id='word_1_130' title='bbox 1259 3254 1349 3311; x_wconf 89' lang='lat' dir='ltr'><em>vel</em></span> <span class='ocrx_word' id='word_1_131' title='bbox 1397 3254 1717 3332; x_wconf 83' lang='lat' dir='ltr'><em>praeterita</em></span> <span class='ocrx_word' id='word_1_132' title='bbox 1759 3254 2190 3325; x_wconf 81' lang='lat' dir='ltr'><em>demonstrant,</em></span> <span class='ocrx_word' id='word_1_133' title='bbox 2229 3256 2322 3312; x_wconf 87' lang='lat' dir='ltr'><em>vel</em></span> <span class='ocrx_word' id='word_1_134' title='bbox 2358 3276 2533 3332; x_wconf 83' lang='lat' dir='ltr'><em>prae-</em></span> 
     </span>
     <span class='ocr_line' id='line_1_21' title="bbox 540 3344 2532 3426; baseline 0.001 -24"><span class='ocrx_word' id='word_1_135' title='bbox 540 3344 729 3402; x_wconf 85' lang='lat' dir='ltr'><em>sentia</em></span> <span class='ocrx_word' id='word_1_136' title='bbox 766 3344 1093 3425; x_wconf 73' lang='lat' dir='ltr'><em>insinuant,</em></span> <span class='ocrx_word' id='word_1_137' title='bbox 1131 3344 1223 3403; x_wconf 90' lang='lat' dir='ltr'><em>vel</em></span> <span class='ocrx_word' id='word_1_138' title='bbox 1262 3345 1454 3403; x_wconf 82' lang='lat' dir='ltr'><em>futura</em></span> <span class='ocrx_word' id='word_1_139' title='bbox 1492 3345 1931 3404; x_wconf 84' lang='lat' dir='ltr'><em>commendant.</em></span> <span class='ocrx_word' id='word_1_140' title='bbox 1970 3346 2287 3426; x_wconf 86' lang='lat' dir='ltr'><em>Aegyptus</em></span> <span class='ocrx_word' id='word_1_141' title='bbox 2331 3346 2532 3425; x_wconf 84' lang='lat' dir='ltr'><em>itaque</em></span> 
     </span>
    </p>
   </div>
   <div class='ocr_carea' id='block_1_11' title="bbox 596 3516 963 3571">
    <p class='ocr_par' dir='ltr' id='par_1_12' title="bbox 596 3516 963 3571">
     <span class='ocr_line' id='line_1_22' title="bbox 596 3516 963 3571; baseline 0.003 -12"><span class='ocrx_word' id='word_1_142' title='bbox 596 3516 637 3560; x_wconf 87' lang='lat'><em>1.</em></span> <span class='ocrx_word' id='word_1_143' title='bbox 668 3518 752 3560; x_wconf 81' lang='lat' dir='ltr'><em>Ex.</em></span> <span class='ocrx_word' id='word_1_144' title='bbox 778 3519 814 3571; x_wconf 89' lang='lat'><em>1,</em></span> <span class='ocrx_word' id='word_1_145' title='bbox 840 3519 963 3562; x_wconf 84' lang='lat'><strong>8-10.</strong></span> 
     </span>
    </p>
   </div>
   <div class='ocr_carea' id='block_1_12' title="bbox 540 3693 2535 4531">
    <p class='ocr_par' dir='ltr' id='par_1_13' title="bbox 540 3693 2535 4531">
     <span class='ocr_line' id='line_1_23' title="bbox 594 3693 2533 3760; baseline 0.001 -25"><span class='ocrx_word' id='word_1_146' title='bbox 594 3697 701 3735; x_wconf 77' lang='lat' dir='ltr'><em>Post</em></span> <span class='ocrx_word' id='word_1_147' title='bbox 730 3709 865 3760; x_wconf 79' lang='lat' dir='ltr'><em>amen</em></span> <span class='ocrx_word' id='word_1_148' title='bbox 899 3694 1076 3736; x_wconf 76' lang='lat' dir='ltr'><em>omissis</em></span> <span class='ocrx_word' id='word_1_149' title='bbox 1108 3693 1224 3736; x_wconf 73' lang='lat' dir='ltr'><em>binis</em></span> <span class='ocrx_word' id='word_1_150' title='bbox 1257 3694 1388 3737; x_wconf 79' lang='lat' dir='ltr'><em>lineis</em></span> <span class='ocrx_word' id='word_1_151' title='bbox 1417 3695 1482 3736; x_wconf 72' lang='lat' dir='ltr'><em>sic</em></span> <span class='ocrx_word' id='word_1_152' title='bbox 1512 3698 1548 3736; x_wconf 87' lang='lat' dir='ltr'><em>B</em></span> <span class='ocrx_word' id='word_1_153' title='bbox 1589 3709 1598 3737; x_wconf 89' lang='lat'>:</span> <span class='ocrx_word' id='word_1_154' title='bbox 1639 3696 1701 3737; x_wconf 89' lang='lat' dir='ltr'><em>De</em></span> <span class='ocrx_word' id='word_1_155' title='bbox 1735 3709 1787 3737; x_wconf 86' lang='lat' dir='ltr'><em>eo</em></span> <span class='ocrx_word' id='word_1_156' title='bbox 1820 3694 1944 3751; x_wconf 85' lang='lat' dir='ltr'><em>quod</em></span> <span class='ocrx_word' id='word_1_157' title='bbox 1980 3695 2210 3750; x_wconf 83' lang='lat' dir='ltr'><em>scriptum</em></span> <span class='ocrx_word' id='word_1_158' title='bbox 2241 3700 2357 3738; x_wconf 79' lang='lat' dir='ltr'><em>est:</em></span> <span class='ocrx_word' id='word_1_159' title='bbox 2395 3710 2533 3739; x_wconf 87' lang='lat' dir='ltr'><em>exur-</em></span> 
     </span>
     <span class='ocr_line' id='line_1_24' title="bbox 540 3749 2534 3816; baseline 0.001 -24"><span class='ocrx_word' id='word_1_160' title='bbox 540 3749 658 3792; x_wconf 83' lang='lat' dir='ltr'><em>rexit</em></span> <span class='ocrx_word' id='word_1_161' title='bbox 679 3764 757 3792; x_wconf 86' lang='lat' dir='ltr'><em>rex</em></span> <span class='ocrx_word' id='word_1_162' title='bbox 778 3750 825 3792; x_wconf 87' lang='lat' dir='ltr'><em>in</em></span> <span class='ocrx_word' id='word_1_163' title='bbox 845 3756 1032 3805; x_wconf 78' lang='lat' dir='ltr'><em>egypto.</em></span> <span class='ocrx_word' id='word_1_164' title='bbox 1059 3750 1115 3792; x_wconf 83' lang='lat' dir='ltr'><em>de</em></span> <span class='ocrx_word' id='word_1_165' title='bbox 1138 3751 1351 3793; x_wconf 76' lang='lat' dir='ltr'><em>subbato.</em></span> <span class='ocrx_word' id='word_1_166' title='bbox 1376 3751 1439 3793; x_wconf 89' lang='lat' dir='ltr'><em>De</em></span> <span class='ocrx_word' id='word_1_167' title='bbox 1462 3764 1515 3792; x_wconf 91' lang='lat' dir='ltr'><em>eo</em></span> <span class='ocrx_word' id='word_1_168' title='bbox 1539 3750 1663 3815; x_wconf 89' lang='lat' dir='ltr'><em>quod</em></span> <span class='ocrx_word' id='word_1_169' title='bbox 1688 3751 1915 3816; x_wconf 81' lang='lat' dir='ltr'><em>scriptum</em></span> <span class='ocrx_word' id='word_1_170' title='bbox 1939 3755 2040 3793; x_wconf 88' lang='lat' dir='ltr'><em>est:</em></span> <span class='ocrx_word' id='word_1_171' title='bbox 2064 3752 2249 3793; x_wconf 88' lang='lat' dir='ltr'><em>loeutus</em></span> <span class='ocrx_word' id='word_1_172' title='bbox 2280 3757 2351 3794; x_wconf 85' lang='lat' dir='ltr'><em>est</em></span> <span class='ocrx_word' id='word_1_173' title='bbox 2381 3752 2534 3794; x_wconf 91' lang='lat' dir='ltr'><em>domi-</em></span> 
     </span>
     <span class='ocr_line' id='line_1_25' title="bbox 540 3806 2533 3862; baseline 0.002 -16"><span class='ocrx_word' id='word_1_174' title='bbox 540 3820 629 3847; x_wconf 85' lang='lat' dir='ltr'><em>nus</em></span> <span class='ocrx_word' id='word_1_175' title='bbox 663 3806 722 3846; x_wconf 81' lang='lat' dir='ltr'><em>ad</em></span> <span class='ocrx_word' id='word_1_176' title='bbox 756 3807 945 3861; x_wconf 80' lang='lat' dir='ltr'><em>Moysen</em></span> <span class='ocrx_word' id='word_1_177' title='bbox 984 3806 1143 3848; x_wconf 87' lang='lat' dir='ltr'><em>dicens</em></span> <span class='ocrx_word' id='word_1_178' title='bbox 1179 3820 1188 3848; x_wconf 88' lang='grc'>;</span> <span class='ocrx_word' id='word_1_179' title='bbox 1227 3806 1403 3848; x_wconf 84' lang='lat' dir='ltr'><em>mensis</em></span> <span class='ocrx_word' id='word_1_180' title='bbox 1434 3806 1508 3848; x_wconf 82' lang='lat' dir='ltr'><em>hie</em></span> <span class='ocrx_word' id='word_1_181' title='bbox 1542 3806 1603 3847; x_wconf 86' lang='lat' dir='ltr'><em>sit</em></span> <span class='ocrx_word' id='word_1_182' title='bbox 1635 3806 1768 3848; x_wconf 77' lang='lat' dir='ltr'><em>vobis</em></span> <span class='ocrx_word' id='word_1_183' title='bbox 1799 3806 1986 3848; x_wconf 86' lang='lat' dir='ltr'><em>initium</em></span> <span class='ocrx_word' id='word_1_184' title='bbox 2018 3808 2250 3849; x_wconf 84' lang='lat' dir='ltr'><em>mensium</em></span> <span class='ocrx_word' id='word_1_185' title='bbox 2281 3807 2463 3862; x_wconf 85' lang='lat' dir='ltr'><em>primus</em></span> <span class='ocrx_word' id='word_1_186' title='bbox 2485 3808 2533 3849; x_wconf 86' lang='lat' dir='ltr'><em>iu</em></span> 
     </span>
     <span class='ocr_line' id='line_1_26' title="bbox 540 3860 2534 3912; baseline 0.001 -9"><span class='ocrx_word' id='word_1_187' title='bbox 540 3860 781 3903; x_wconf 81' lang='lat' dir='ltr'><em>mensibus</em></span> <span class='ocrx_word' id='word_1_188' title='bbox 797 3862 923 3902; x_wconf 84' lang='lat' dir='ltr'><em>anni.</em></span> <span class='ocrx_word' id='word_1_189' title='bbox 936 3864 1138 3903; x_wconf 74' lang='lat' dir='ltr'><em>Faucem</em></span> <span class='ocrx_word' id='word_1_190' title='bbox 1155 3861 1564 3904; x_wconf 70' lang='lat' dir='ltr'><em>si0:1NClP1vNT</em></span> <span class='ocrx_word' id='word_1_191' title='bbox 1581 3862 1867 3904; x_wconf 84' lang='lat' dir='ltr'><strong>CAPITVLA</strong></span> <span class='ocrx_word' id='word_1_192' title='bbox 1888 3863 1923 3904; x_wconf 93' lang='lat' dir='ltr'>D</span> <span class='ocrx_word' id='word_1_193' title='bbox 1945 3879 1968 3900; x_wconf 77' lang='lat'><strong>*</strong></span> <span class='ocrx_word' id='word_1_194' title='bbox 1988 3878 2012 3900; x_wconf 79' lang='lat'><strong>*</strong></span> <span class='ocrx_word' id='word_1_195' title='bbox 2034 3862 2343 3912; x_wconf 85' lang='lat' dir='ltr'><strong>SEQVTVRI.</strong></span> <span class='ocrx_word' id='word_1_196' title='bbox 2358 3863 2534 3906; x_wconf 82' lang='lat' dir='ltr'><em>Deinde</em></span> 
     </span>
     <span class='ocr_line' id='line_1_27' title="bbox 540 3916 2535 3982; baseline 0.001 -24"><span class='ocrx_word' id='word_1_197' title='bbox 540 3931 646 3958; x_wconf 88' lang='lat' dir='ltr'><em>cum</em></span> <span class='ocrx_word' id='word_1_198' title='bbox 670 3934 693 3955; x_wconf 80' lang='lat'><strong>*</strong></span> <span class='ocrx_word' id='word_1_199' title='bbox 715 3934 738 3955; x_wconf 53' lang='grc' dir='ltr'><em>,ω</em></span> <span class='ocrx_word' id='word_1_200' title='bbox 758 3916 960 3959; x_wconf 82' lang='lat' dir='ltr'><em>surrexit</em></span> <span class='ocrx_word' id='word_1_201' title='bbox 973 3922 1128 3959; x_wconf 79' lang='lat' dir='ltr'><em>autem</em></span> <span class='ocrx_word' id='word_1_202' title='bbox 1147 3931 1228 3959; x_wconf 88' lang='lat' dir='ltr'><em>rex</em></span> <span class='ocrx_word' id='word_1_203' title='bbox 1249 3917 1296 3958; x_wconf 87' lang='lat' dir='ltr'><em>in</em></span> <span class='ocrx_word' id='word_1_204' title='bbox 1320 3932 1341 3958; x_wconf 82' lang='lat' dir='ltr'><em>e</em></span> <span class='ocrx_word' id='word_1_205' title='bbox 1381 3922 1491 3971; x_wconf 85' lang='lat' dir='ltr'><em>ypto</em></span> <span class='ocrx_word' id='word_1_206' title='bbox 1517 3935 1539 3955; x_wconf 78' lang='lat'><strong>*</strong></span> <span class='ocrx_word' id='word_1_207' title='bbox 1560 3934 1582 3956; x_wconf 48' lang='grc' dir='ltr'><em>ὴ</em></span> <span class='ocrx_word' id='word_1_208' title='bbox 1608 3918 1664 3959; x_wconf 90' lang='lat' dir='ltr'><em>de</em></span> <span class='ocrx_word' id='word_1_209' title='bbox 1683 3918 1728 3958; x_wconf 87' lang='lat' dir='ltr'><em>id</em></span> <span class='ocrx_word' id='word_1_210' title='bbox 1754 3918 1876 3982; x_wconf 82' lang='lat' dir='ltr'><em>quod</em></span> <span class='ocrx_word' id='word_1_211' title='bbox 1899 3917 2069 3959; x_wconf 86' lang='lat' dir='ltr'><em>scribis</em></span> <span class='ocrx_word' id='word_1_212' title='bbox 2089 3918 2271 3960; x_wconf 89' lang='lat' dir='ltr'><em>locutus</em></span> <span class='ocrx_word' id='word_1_213' title='bbox 2296 3923 2367 3960; x_wconf 85' lang='lat' dir='ltr'><em>est</em></span> <span class='ocrx_word' id='word_1_214' title='bbox 2388 3918 2535 3960; x_wconf 81' lang='lat' dir='ltr'><em>domi·</em></span> 
     </span>
     <span class='ocr_line' id='line_1_28' title="bbox 540 3932 2533 4029; baseline 0.001 -16"><span class='ocrx_word' id='word_1_215' title='bbox 540 3986 628 4013; x_wconf 89' lang='lat' dir='ltr'><em>nus</em></span> <span class='ocrx_word' id='word_1_216' title='bbox 652 3989 674 4011; x_wconf 60' lang='grc' dir='ltr'><em>,ι</em></span> <span class='ocrx_word' id='word_1_217' title='bbox 692 3990 714 4011; x_wconf 79' lang='lat'><strong>*</strong></span> <span class='ocrx_word' id='word_1_218' title='bbox 737 3974 925 4028; x_wconf 86' lang='lat' dir='ltr'><em>loquere</em></span> <span class='ocrx_word' id='word_1_219' title='bbox 947 3972 1059 4014; x_wconf 89' lang='lat' dir='ltr'><em>filiis</em></span> <span class='ocrx_word' id='word_1_220' title='bbox 1079 3973 1255 4014; x_wconf 80' lang='lat' dir='ltr'><em>israhel</em></span> <span class='ocrx_word' id='word_1_221' title='bbox 1278 3978 1324 4014; x_wconf 86' lang='lat' dir='ltr'><em>et</em></span> <span class='ocrx_word' id='word_1_222' title='bbox 1345 3932 1461 4014; x_wconf 53' lang='lat' dir='ltr'><em>§icis</em></span> <span class='ocrx_word' id='word_1_223' title='bbox 1483 3973 1541 4014; x_wconf 85' lang='lat' dir='ltr'><em>ad</em></span> <span class='ocrx_word' id='word_1_224' title='bbox 1564 3986 1645 4016; x_wconf 82' lang='lat' dir='ltr'><em>eos</em></span> <span class='ocrx_word' id='word_1_225' title='bbox 1666 3990 1688 4012; x_wconf 60' lang='grc' dir='ltr'><em>,ι</em></span> <span class='ocrx_word' id='word_1_226' title='bbox 1709 3991 1731 4011; x_wconf 75' lang='lat'>*</span> <span class='ocrx_word' id='word_1_227' title='bbox 1755 3973 1822 4014; x_wconf 84' lang='lat' dir='ltr'><em>sic</em></span> <span class='ocrx_word' id='word_1_228' title='bbox 1852 3972 2044 4014; x_wconf 85' lang='lat' dir='ltr'><em>inicium</em></span> <span class='ocrx_word' id='word_1_229' title='bbox 2074 3986 2321 4015; x_wconf 85' lang='lat' dir='ltr'><em>mensuum</em></span> <span class='ocrx_word' id='word_1_230' title='bbox 2350 3974 2533 4029; x_wconf 82' lang='lat' dir='ltr'><em>primus</em></span> 
     </span>
     <span class='ocr_line' id='line_1_29' title="bbox 540 4028 2531 4093; baseline 0.001 -24"><span class='ocrx_word' id='word_1_231' title='bbox 540 4028 587 4069; x_wconf 88' lang='lat' dir='ltr'><em>in</em></span> <span class='ocrx_word' id='word_1_232' title='bbox 611 4029 850 4069; x_wconf 86' lang='lat' dir='ltr'><em>mensibus</em></span> <span class='ocrx_word' id='word_1_233' title='bbox 880 4045 903 4066; x_wconf 58' lang='grc' dir='ltr'><em>ν(</em></span> <span class='ocrx_word' id='word_1_234' title='bbox 923 4046 948 4067; x_wconf 77' lang='lat'>*</span> <span class='ocrx_word' id='word_1_235' title='bbox 971 4028 1228 4071; x_wconf 80' lang='lat' dir='ltr'>EIVSDEM</span> <span class='ocrx_word' id='word_1_236' title='bbox 1255 4028 1479 4070; x_wconf 74' lang='lat' dir='ltr'>Llssffl—</span> <span class='ocrx_word' id='word_1_237' title='bbox 1491 4029 1515 4069; x_wconf 84' lang='lat'>2</span> <span class='ocrx_word' id='word_1_238' title='bbox 1540 4028 1829 4093; x_wconf 49' lang='lat' dir='ltr'><em>Exsurreyit]</em></span> <span class='ocrx_word' id='word_1_239' title='bbox 1856 4032 1893 4069; x_wconf 99' lang='lat' dir='ltr'><em>F</em></span> <span class='ocrx_word' id='word_1_240' title='bbox 1919 4028 2126 4070; x_wconf 82' lang='lat' dir='ltr'><em>xurrexit</em></span> <span class='ocrx_word' id='word_1_241' title='bbox 2148 4033 2201 4078; x_wconf 78' lang='lat' dir='ltr'><em>B,</em></span> <span class='ocrx_word' id='word_1_242' title='bbox 2237 4030 2429 4072; x_wconf 41' lang='lat' dir='ltr'><em>inaffltzalas</em></span> <span class='ocrx_word' id='word_1_243' title='bbox 2454 4031 2531 4071; x_wconf 79' lang='lat' dir='ltr'><em>lit-</em></span> 
     </span>
     <span class='ocr_line' id='line_1_30' title="bbox 540 4083 2530 4149; baseline -0.001 -25"><span class='ocrx_word' id='word_1_244' title='bbox 540 4088 664 4124; x_wconf 77' lang='lat' dir='ltr'><em>teme</em></span> <span class='ocrx_word' id='word_1_245' title='bbox 674 4084 797 4125; x_wconf 76' lang='lat' dir='ltr'><em>locus</em></span> <span class='ocrx_word' id='word_1_246' title='bbox 813 4098 979 4125; x_wconf 75' lang='lat' dir='ltr'><em>vacuus</em></span> <span class='ocrx_word' id='word_1_247' title='bbox 994 4084 1174 4125; x_wconf 74' lang='lat' dir='ltr'><em>relictus</em></span> <span class='ocrx_word' id='word_1_248' title='bbox 1188 4089 1268 4125; x_wconf 72' lang='lat' dir='ltr'><em>est.</em></span> <span class='ocrx_word' id='word_1_249' title='bbox 1285 4107 1335 4115; x_wconf 89' lang='lat'><em>-—</em></span> <span class='ocrx_word' id='word_1_250' title='bbox 1348 4083 1578 4140; x_wconf 86' lang='lat' dir='ltr'><em>Aegypto]</em></span> <span class='ocrx_word' id='word_1_251' title='bbox 1592 4084 1766 4149; x_wconf 75' lang='lat' dir='ltr'><em>scripsi,</em></span> <span class='ocrx_word' id='word_1_252' title='bbox 1789 4101 1812 4122; x_wconf 81' lang='lat'><strong>*</strong></span> <span class='ocrx_word' id='word_1_253' title='bbox 1828 4087 1865 4125; x_wconf 91' lang='lat' dir='ltr'><em>F</em></span> <span class='ocrx_word' id='word_1_254' title='bbox 1874 4090 2127 4140; x_wconf 79' lang='lat' dir='ltr'><em>aegyptum</em></span> <span class='ocrx_word' id='word_1_255' title='bbox 2145 4084 2333 4149; x_wconf 85' lang='lat' dir='ltr'><em>B--qui</em></span> <span class='ocrx_word' id='word_1_256' title='bbox 2345 4085 2455 4142; x_wconf 88' lang='lat' dir='ltr'><em>non]</em></span> <span class='ocrx_word' id='word_1_257' title='bbox 2472 4103 2494 4123; x_wconf 74' lang='lat'>*</span> <span class='ocrx_word' id='word_1_258' title='bbox 2508 4103 2530 4123; x_wconf 74' lang='lat'>*</span> 
     </span>
     <span class='ocr_line' id='line_1_31' title="bbox 540 4138 2531 4204; baseline 0.001 -24"><span class='ocrx_word' id='word_1_259' title='bbox 540 4142 674 4180; x_wconf 81' lang='lat' dir='ltr'><em>F--3</em></span> <span class='ocrx_word' id='word_1_260' title='bbox 692 4140 817 4194; x_wconf 84' lang='lat' dir='ltr'><em>genti</em></span> <span class='ocrx_word' id='word_1_261' title='bbox 843 4138 973 4195; x_wconf 79' lang='lat' dir='ltr'><em>suae]</em></span> <span class='ocrx_word' id='word_1_262' title='bbox 996 4145 1104 4204; x_wconf 82' lang='lat' dir='ltr'><em>gent</em></span> <span class='ocrx_word' id='word_1_263' title='bbox 1133 4157 1155 4178; x_wconf 78' lang='lat'><strong>*</strong></span> <span class='ocrx_word' id='word_1_264' title='bbox 1182 4142 1268 4180; x_wconf 77' lang='lat' dir='ltr'><em>*F</em></span> <span class='ocrx_word' id='word_1_265' title='bbox 1284 4164 1338 4170; x_wconf 89' lang='grc'><strong>-</strong></span> <span class='ocrx_word' id='word_1_266' title='bbox 1355 4143 1380 4180; x_wconf 74' lang='lat'>4</span> <span class='ocrx_word' id='word_1_267' title='bbox 1402 4141 1444 4180; x_wconf 80' lang='lat' dir='ltr'><em>sa</em></span> <span class='ocrx_word' id='word_1_268' title='bbox 1468 4158 1490 4178; x_wconf 71' lang='lat'><em>4</em></span> <span class='ocrx_word' id='word_1_269' title='bbox 1593 4158 1617 4178; x_wconf 62' lang='lat'><em>⁴2</em></span> <span class='ocrx_word' id='word_1_270' title='bbox 1639 4140 1817 4181; x_wconf 88' lang='lat' dir='ltr'><em>tencior</em></span> <span class='ocrx_word' id='word_1_271' title='bbox 1834 4142 1871 4180; x_wconf 91' lang='lat' dir='ltr'><em>F</em></span> <span class='ocrx_word' id='word_1_272' title='bbox 1881 4165 1936 4170; x_wconf 80' lang='lat'>-</span> <span class='ocrx_word' id='word_1_273' title='bbox 1954 4140 2210 4181; x_wconf 80' lang='lat' dir='ltr'><em>subdamus</em></span> <span class='ocrx_word' id='word_1_274' title='bbox 2233 4139 2380 4204; x_wconf 86' lang='lat' dir='ltr'><em>illos]</em></span> <span class='ocrx_word' id='word_1_275' title='bbox 2386 4141 2531 4182; x_wconf 77' lang='lat' dir='ltr'><em>suada</em></span> 
     </span>
     <span class='ocr_line' id='line_1_32' title="bbox 542 4193 2530 4259; baseline 0.001 -26"><span class='ocrx_word' id='word_1_276' title='bbox 542 4212 565 4233; x_wconf 78' lang='lat'><strong>*</strong></span> <span class='ocrx_word' id='word_1_277' title='bbox 590 4212 613 4233; x_wconf 76' lang='lat'><strong>*</strong></span> <span class='ocrx_word' id='word_1_278' title='bbox 637 4197 675 4236; x_wconf 88' lang='lat' dir='ltr'><em>F</em></span> <span class='ocrx_word' id='word_1_279' title='bbox 693 4220 746 4226; x_wconf 89' lang='lat'>—</span> <span class='ocrx_word' id='word_1_280' title='bbox 769 4199 792 4237; x_wconf 89' lang='lat'>5</span> <span class='ocrx_word' id='word_1_281' title='bbox 815 4194 1081 4259; x_wconf 80' lang='lat' dir='ltr'><em>contigerit]</em></span> <span class='ocrx_word' id='word_1_282' title='bbox 1103 4209 1188 4236; x_wconf 88' lang='lat' dir='ltr'><em>eon</em></span> <span class='ocrx_word' id='word_1_283' title='bbox 1212 4213 1235 4233; x_wconf 63' lang='lat'><em>4</em></span> <span class='ocrx_word' id='word_1_284' title='bbox 1261 4197 1356 4236; x_wconf 84' lang='lat' dir='ltr'><em>rint</em></span> <span class='ocrx_word' id='word_1_285' title='bbox 1372 4198 1409 4235; x_wconf 87' lang='lat' dir='ltr'><em>F</em></span> <span class='ocrx_word' id='word_1_286' title='bbox 1423 4221 1478 4226; x_wconf 91' lang='lat'><strong>—</strong></span> <span class='ocrx_word' id='word_1_287' title='bbox 1499 4198 1524 4235; x_wconf 88' lang='grc'>6</span> <span class='ocrx_word' id='word_1_288' title='bbox 1546 4195 1613 4251; x_wconf 90' lang='lat' dir='ltr'><em>hi]</em></span> <span class='ocrx_word' id='word_1_289' title='bbox 1643 4195 1718 4236; x_wconf 86' lang='lat' dir='ltr'><em>hic</em></span> <span class='ocrx_word' id='word_1_290' title='bbox 1737 4198 1775 4236; x_wconf 89' lang='lat' dir='ltr'><em>F</em></span> <span class='ocrx_word' id='word_1_291' title='bbox 1793 4219 1846 4227; x_wconf 88' lang='lat'><strong>—</strong></span> <span class='ocrx_word' id='word_1_292' title='bbox 1869 4195 1935 4237; x_wconf 87' lang='lat' dir='ltr'><em>eis</em></span> <span class='ocrx_word' id='word_1_293' title='bbox 1962 4201 2006 4237; x_wconf 81' lang='lat' dir='ltr'><em>et</em></span> <span class='ocrx_word' id='word_1_294' title='bbox 2029 4209 2082 4237; x_wconf 90' lang='lat' dir='ltr'><em>ex</em></span> <span class='ocrx_word' id='word_1_295' title='bbox 2121 4195 2314 4250; x_wconf 83' lang='lat' dir='ltr'><em>ugnent]</em></span> <span class='ocrx_word' id='word_1_296' title='bbox 2341 4193 2384 4237; x_wconf 87' lang='lat' dir='ltr'><em>ei</em></span> <span class='ocrx_word' id='word_1_297' title='bbox 2407 4213 2430 4235; x_wconf 55' lang='grc' dir='ltr'><em>,ι</em></span> <span class='ocrx_word' id='word_1_298' title='bbox 2457 4213 2477 4234; x_wconf 76' lang='lat'><strong>*</strong></span> <span class='ocrx_word' id='word_1_299' title='bbox 2507 4213 2530 4235; x_wconf 54' lang='grc' dir='ltr'><em>,ι</em></span> 
     </span>
     <span class='ocr_line' id='line_1_33' title="bbox 541 4250 2527 4307; baseline 0.001 -16"><span class='ocrx_word' id='word_1_300' title='bbox 541 4251 820 4307; x_wconf 81' lang='lat' dir='ltr'><em>pugnabunt</em></span> <span class='ocrx_word' id='word_1_301' title='bbox 841 4254 943 4292; x_wconf 88' lang='lat' dir='ltr'><em>F—</em></span> <span class='ocrx_word' id='word_1_302' title='bbox 961 4250 1147 4307; x_wconf 83' lang='lat' dir='ltr'><em>eiciant]</em></span> <span class='ocrx_word' id='word_1_303' title='bbox 1169 4250 1335 4292; x_wconf 83' lang='lat' dir='ltr'><em>eicient</em></span> <span class='ocrx_word' id='word_1_304' title='bbox 1355 4254 1393 4292; x_wconf 90' lang='lat' dir='ltr'><em>F</em></span> <span class='ocrx_word' id='word_1_305' title='bbox 1411 4275 1464 4281; x_wconf 92' lang='lat'>—</span> <span class='ocrx_word' id='word_1_306' title='bbox 1482 4251 1585 4307; x_wconf 89' lang='lat' dir='ltr'><em>nos]</em></span> <span class='ocrx_word' id='word_1_307' title='bbox 1613 4266 1699 4294; x_wconf 85' lang='lat' dir='ltr'><em>om.</em></span> <span class='ocrx_word' id='word_1_308' title='bbox 1723 4254 1825 4291; x_wconf 91' lang='lat' dir='ltr'><em>F—</em></span> <span class='ocrx_word' id='word_1_309' title='bbox 1839 4252 1861 4292; x_wconf 90' lang='lat'><strong>8</strong></span> <span class='ocrx_word' id='word_1_310' title='bbox 1886 4250 1974 4307; x_wconf 88' lang='lat' dir='ltr'><em>est]</em></span> <span class='ocrx_word' id='word_1_311' title='bbox 2001 4252 2109 4292; x_wconf 83' lang='lat' dir='ltr'><em>ad.</em></span> <span class='ocrx_word' id='word_1_312' title='bbox 2136 4251 2256 4306; x_wconf 85' lang='lat' dir='ltr'><em>legis</em></span> <span class='ocrx_word' id='word_1_313' title='bbox 2280 4251 2335 4291; x_wconf 69' lang='grc' dir='ltr'><em>Ι’2</em></span> <span class='ocrx_word' id='word_1_314' title='bbox 2367 4251 2412 4292; x_wconf 85' lang='lat' dir='ltr'><em>in</em></span> <span class='ocrx_word' id='word_1_315' title='bbox 2437 4267 2527 4293; x_wconf 39' lang='lat' dir='ltr'><em>›Qas</em></span> 
     </span>
     <span class='ocr_line' id='line_1_34' title="bbox 540 4306 2532 4370; baseline 0.001 -24"><span class='ocrx_word' id='word_1_316' title='bbox 540 4330 595 4337; x_wconf 91' lang='lat'><em>-—</em></span> <span class='ocrx_word' id='word_1_317' title='bbox 614 4307 661 4346; x_wconf 92' lang='grc'><em>10</em></span> <span class='ocrx_word' id='word_1_318' title='bbox 676 4306 946 4362; x_wconf 77' lang='lat' dir='ltr'><em>admodum]</em></span> <span class='ocrx_word' id='word_1_319' title='bbox 963 4306 1132 4347; x_wconf 81' lang='lat' dir='ltr'><em>amodo</em></span> <span class='ocrx_word' id='word_1_320' title='bbox 1147 4309 1184 4346; x_wconf 97' lang='lat' dir='ltr'><em>F</em></span> <span class='ocrx_word' id='word_1_321' title='bbox 1193 4330 1247 4338; x_wconf 90' lang='lat'><em>—-</em></span> <span class='ocrx_word' id='word_1_322' title='bbox 1267 4307 1317 4347; x_wconf 82' lang='lat'><em>12</em></span> <span class='ocrx_word' id='word_1_323' title='bbox 1339 4306 1544 4361; x_wconf 84' lang='lat' dir='ltr'><em>intelleg.</em></span> <span class='ocrx_word' id='word_1_324' title='bbox 1552 4307 1566 4362; x_wconf 93' lang='lat'><em>]</em></span> <span class='ocrx_word' id='word_1_325' title='bbox 1589 4306 1836 4361; x_wconf 84' lang='lat' dir='ltr'><em>Fiutellig.</em></span> <span class='ocrx_word' id='word_1_326' title='bbox 1854 4310 1959 4347; x_wconf 84' lang='grc' dir='ltr'><em>Β-</em></span> <span class='ocrx_word' id='word_1_327' title='bbox 1974 4307 2025 4347; x_wconf 89' lang='grc'><em>13</em></span> <span class='ocrx_word' id='word_1_328' title='bbox 2044 4307 2294 4370; x_wconf 82' lang='lat' dir='ltr'><em>disseram]</em></span> <span class='ocrx_word' id='word_1_329' title='bbox 2313 4309 2349 4347; x_wconf 92' lang='lat' dir='ltr'><em>F</em></span> <span class='ocrx_word' id='word_1_330' title='bbox 2360 4307 2532 4349; x_wconf 78' lang='lat' dir='ltr'><em>edisse-</em></span> 
     </span>
     <span class='ocr_line' id='line_1_35' title="bbox 542 4361 2528 4426; baseline 0.001 -24"><span class='ocrx_word' id='word_1_331' title='bbox 542 4376 645 4403; x_wconf 80' lang='lat' dir='ltr'><em>ram</em></span> <span class='ocrx_word' id='word_1_332' title='bbox 672 4366 710 4403; x_wconf 91' lang='lat' dir='ltr'><em>B</em></span> <span class='ocrx_word' id='word_1_333' title='bbox 734 4387 789 4393; x_wconf 94' lang='lat'><strong>—</strong></span> <span class='ocrx_word' id='word_1_334' title='bbox 811 4363 938 4426; x_wconf 89' lang='lat' dir='ltr'><em>quod</em></span> <span class='ocrx_word' id='word_1_335' title='bbox 969 4363 997 4405; x_wconf 74' lang='lat' dir='ltr'><em>s.</em></span> <span class='ocrx_word' id='word_1_336' title='bbox 1033 4361 1263 4418; x_wconf 76' lang='lat' dir='ltr'><em>veritatis]</em></span> <span class='ocrx_word' id='word_1_337' title='bbox 1299 4378 1322 4400; x_wconf 80' lang='lat'><strong>*</strong></span> <span class='ocrx_word' id='word_1_338' title='bbox 1345 4379 1367 4400; x_wconf 77' lang='lat'>*</span> <span class='ocrx_word' id='word_1_339' title='bbox 1389 4379 1412 4401; x_wconf 59' lang='grc' dir='ltr'><em>,ι-</em></span> <span class='ocrx_word' id='word_1_340' title='bbox 1446 4376 1467 4402; x_wconf 89' lang='lat' dir='ltr'><em>s</em></span> <span class='ocrx_word' id='word_1_341' title='bbox 1491 4365 1527 4402; x_wconf 89' lang='lat' dir='ltr'><em>F</em></span> <span class='ocrx_word' id='word_1_342' title='bbox 1555 4386 1604 4393; x_wconf 91' lang='lat'><em>·—-</em></span> <span class='ocrx_word' id='word_1_343' title='bbox 1630 4363 1682 4403; x_wconf 72' lang='lat'><em>14</em></span> <span class='ocrx_word' id='word_1_344' title='bbox 1710 4376 1814 4403; x_wconf 76' lang='lat' dir='ltr'><em>cum</em></span> <span class='ocrx_word' id='word_1_345' title='bbox 1846 4376 1892 4403; x_wconf 90' lang='lat' dir='ltr'><em>n.</em></span> <span class='ocrx_word' id='word_1_346' title='bbox 1926 4376 1963 4403; x_wconf 88' lang='lat' dir='ltr'><em>s.</em></span> <span class='ocrx_word' id='word_1_347' title='bbox 1997 4362 2043 4402; x_wconf 90' lang='lat' dir='ltr'><em>in</em></span> <span class='ocrx_word' id='word_1_348' title='bbox 2067 4361 2239 4403; x_wconf 81' lang='lat' dir='ltr'><em>divinis</em></span> <span class='ocrx_word' id='word_1_349' title='bbox 2268 4362 2528 4426; x_wconf 84' lang='lat' dir='ltr'><em>sacrisque]</em></span> 
     </span>
     <span class='ocr_line' id='line_1_36' title="bbox 542 4417 2530 4473; baseline 0 -16"><span class='ocrx_word' id='word_1_350' title='bbox 542 4434 567 4457; x_wconf 49' lang='grc' dir='ltr'><em>ψ</em></span> <span class='ocrx_word' id='word_1_351' title='bbox 587 4435 611 4457; x_wconf 76' lang='lat'><strong>*</strong></span> <span class='ocrx_word' id='word_1_352' title='bbox 631 4434 654 4457; x_wconf 76' lang='lat'><strong>*</strong></span> <span class='ocrx_word' id='word_1_353' title='bbox 676 4434 700 4457; x_wconf 53' lang='grc' dir='ltr'><em>,κ</em></span> <span class='ocrx_word' id='word_1_354' title='bbox 720 4434 744 4457; x_wconf 78' lang='lat'><strong>*</strong></span> <span class='ocrx_word' id='word_1_355' title='bbox 771 4417 812 4458; x_wconf 85' lang='lat' dir='ltr'><em>is</em></span> <span class='ocrx_word' id='word_1_356' title='bbox 845 4417 1109 4472; x_wconf 87' lang='lat' dir='ltr'><em>divinisque</em></span> <span class='ocrx_word' id='word_1_357' title='bbox 1139 4420 1176 4458; x_wconf 94' lang='grc' dir='ltr'><em>Ι</em></span> <span class='ocrx_word' id='word_1_358' title='bbox 1200 4443 1256 4449; x_wconf 93' lang='grc'><strong>-</strong></span> <span class='ocrx_word' id='word_1_359' title='bbox 1290 4417 1340 4458; x_wconf 87' lang='grc'><em>15</em></span> <span class='ocrx_word' id='word_1_360' title='bbox 1371 4417 1695 4473; x_wconf 74' lang='lat' dir='ltr'><em>praecipuam]</em></span> <span class='ocrx_word' id='word_1_361' title='bbox 1723 4434 1747 4456; x_wconf 75' lang='lat'>*</span> <span class='ocrx_word' id='word_1_362' title='bbox 1771 4421 1808 4459; x_wconf 86' lang='lat' dir='ltr'><em>F</em></span> <span class='ocrx_word' id='word_1_363' title='bbox 1826 4442 1883 4449; x_wconf 88' lang='lat'><em>—-</em></span> <span class='ocrx_word' id='word_1_364' title='bbox 1905 4417 2269 4473; x_wconf 83' lang='lat' dir='ltr'><em>intellegentiae]</em></span> <span class='ocrx_word' id='word_1_365' title='bbox 2296 4417 2474 4473; x_wconf 73' lang='lat' dir='ltr'><em>scripsi,</em></span> <span class='ocrx_word' id='word_1_366' title='bbox 2506 4435 2530 4457; x_wconf 62' lang='grc' dir='ltr'><em>-ιι</em></span> 
     </span>
     <span class='ocr_line' id='line_1_37' title="bbox 542 4451 2529 4531; baseline 0.001 -17"><span class='ocrx_word' id='word_1_367' title='bbox 542 4473 669 4515; x_wconf 85' lang='lat' dir='ltr'><em>encie</em></span> <span class='ocrx_word' id='word_1_368' title='bbox 688 4476 725 4514; x_wconf 86' lang='lat' dir='ltr'><em>F</em></span> <span class='ocrx_word' id='word_1_369' title='bbox 740 4473 1244 4529; x_wconf 85' lang='lat' dir='ltr'><em>intelligigentiamque</em></span> <span class='ocrx_word' id='word_1_370' title='bbox 1260 4476 1365 4515; x_wconf 90' lang='lat' dir='ltr'><em>B—</em></span> <span class='ocrx_word' id='word_1_371' title='bbox 1379 4474 1433 4515; x_wconf 82' lang='lat'><em>16</em></span> <span class='ocrx_word' id='word_1_372' title='bbox 1455 4474 1779 4517; x_wconf 77' lang='lat' dir='ltr'><em>demonstrant</em></span> <span class='ocrx_word' id='word_1_373' title='bbox 1800 4473 1892 4531; x_wconf 80' lang='lat' dir='ltr'><em>vel]</em></span> <span class='ocrx_word' id='word_1_374' title='bbox 1913 4490 1935 4512; x_wconf 78' lang='lat'><strong>*</strong></span> <span class='ocrx_word' id='word_1_375' title='bbox 1953 4490 1975 4512; x_wconf 51' lang='grc' dir='ltr'><strong><em>ὴ</em></strong></span> <span class='ocrx_word' id='word_1_376' title='bbox 1999 4476 2037 4514; x_wconf 98' lang='grc' dir='ltr'><em>Ι</em></span> <span class='ocrx_word' id='word_1_377' title='bbox 2045 4498 2101 4505; x_wconf 92' lang='lat'><em>—-</em></span> <span class='ocrx_word' id='word_1_378' title='bbox 2116 4474 2168 4516; x_wconf 84' lang='lat'><em>17</em></span> <span class='ocrx_word' id='word_1_379' title='bbox 2184 4451 2529 4517; x_wconf 77' lang='lat' dir='ltr'><em>commendant.</em></span> 
     </span>
    </p>
   </div>
   <div class='ocr_carea' id='block_1_13' title="bbox 540 4527 1159 4589">
    <p class='ocr_par' dir='ltr' id='par_1_14' title="bbox 540 4527 1159 4589">
     <span class='ocr_line' id='line_1_38' title="bbox 540 4527 1159 4589; baseline 0.005 -20"><span class='ocrx_word' id='word_1_380' title='bbox 540 4527 799 4589; x_wconf 78' lang='lat' dir='ltr'><em>Aegyptus]</em></span> <span class='ocrx_word' id='word_1_381' title='bbox 821 4538 874 4570; x_wconf 83' lang='lat' dir='ltr'><em>co</em></span> <span class='ocrx_word' id='word_1_382' title='bbox 899 4546 921 4567; x_wconf 76' lang='lat'><strong>*</strong></span> <span class='ocrx_word' id='word_1_383' title='bbox 946 4546 969 4568; x_wconf 60' lang='lat'><em>⁴2</em></span> <span class='ocrx_word' id='word_1_384' title='bbox 992 4534 1099 4587; x_wconf 83' lang='lat' dir='ltr'><em>ptus</em></span> <span class='ocrx_word' id='word_1_385' title='bbox 1123 4531 1159 4572; x_wconf 80' lang='grc' dir='ltr'><em>Ι</em></span> 
     </span>
    </p>
   </div>
  </div>
 </body>
</html>
