2880 5893
506 1072 560 1118 34
935 1109 939 1114 .
1168 1071 1515 1120 TRACTATUS
1547 1073 1828 1122 ORIGENIS

1415 1512 1586 1624 [IV]

580 1911 660 1968 Et
687 1911 839 1968 dixit
882 1910 1168 1967 Dominus
1211 1911 1295 1967 ad
1332 1910 1640 1968 Abraham
1676 1931 1696 1968 .·
1748 1911 1798 1967 T
1794 1933 1828 1967 ιι
1857 1923 2055 1968 autem
2085 1924 2492 1971 testamentum

503 2023 695 2060 meum
721 2000 1014 2072 servahiS,
1045 2014 1100 2058 et
1127 2022 1323 2058 semen
1362 2014 1527 2058 tuum
1552 2015 1690 2081 post
1716 2015 1769 2058 te
1793 2024 1811 2059 .·
1846 2004 2299 2061 circumcidetur
2323 2024 2496 2064 omne

502 2107 757 2153 vestrum
793 2091 1247 2150 masculinam1.

440 2206 464 2240 5
580 2184 733 2258 Quia
760 2205 934 2262 saepe
972 2182 1142 2241 vobis
1170 2182 1481 2240 adversum
1502 2183 1752 2241 Iudaeos
1780 2196 2080 2243 certamen
2107 2198 2218 2257 est,
2242 2196 2303 2243 et
2324 2207 2491 2264 prae—

500 2298 636 2334 sens
664 2276 841 2334 lectio
879 2274 1185 2333 admonuit
1211 2286 1273 2332 ut
1309 2273 1451 2332 inde
1486 2297 1823 2333 sermonem
1863 2277 2223 2335 deberemus
2270 2278 2487 2350 facere,

498 2367 751 2445 proinde
793 2366 1151 2445 requirenda
1200 2377 1289 2423 est
1323 2366 1474 2423 ratio
1517 2388 1621 2424 cur
1664 2366 2039 2425 circumcisio
2090 2380 2259 2427 tanto
2306 2390 2488 2448 opere

499 2459 630 2516 data
679 2460 756 2516 sit
800 2458 1024 2536 populo
1063 2458 1267 2516 Israel.
1315 2458 1487 2530 Quod
1538 2458 1779 2536 quidem
1821 2459 2103 2517 facillime
2157 2460 2489 2540 poterimus

496 2549 837 2620 ostendere,
884 2550 934 2607 si
980 2549 1147 2627 prius
1192 2548 1337 2627 quid
1393 2549 1471 2606 sit
1523 2548 1653 2627 ipsa
1695 2549 2075 2626 circumcisio
2135 2551 2485 2609 dixerimuS.

412 2661 457 2698 ιο
497 2641 671 2716 Quod
722 2662 865 2723 ergo
920 2641 994 2699 ad
1055 2639 1554 2721 significationem
1609 2641 1871 2701 nominis
1944 2641 2237 2720 pertinet,
2294 2643 2490 2722 quivis

493 2744 693 2811 potest
726 2733 1079 2813 intellegere
1118 2731 1631 2789 circumcisionem
1668 2755 1799 2790 esse
1828 2732 2299 2792 circumductum
2327 2735 2487 2792 ferro

492 2824 703 2882 vulnus
756 2846 875 2903 qno
926 2823 1153 2902 aliquid
1202 2836 1558 2901 amputatur.
1617 2826 1807 2897 Quam
1858 2824 2272 2884 definitionem
2320 2838 2378 2884 et
2436 2826 2487 2884 si

494 2916 743 2973 Iudaeus
764 2927 951 2987 tenet,
975 2936 1124 2994 quae
1151 2915 1343 2995 gloria
1366 2926 1458 2972 est
1483 2915 1570 2972 illi
1593 2915 1875 2973 iacturam
1904 2916 2100 2974 carnis
2129 2918 2188 2974 in
2212 2917 2482 2996 perfecto

492 3028 742 3085 corpore
790 3007 1149 3085 suscepisse,
1197 3018 1256 3063 et
1305 3004 1600 3085 integram
1647 3005 1970 3064 nativitatis
2017 3006 2269 3089 figuram
2320 3008 2481 3066 ferro

408 3122 453 3158 15
492 3100 836 3156 vulnerante
867 3097 1209 3156 mutilassei’
1243 3096 1417 3169 Quod
1446 3108 1652 3155 contra
1677 3099 2005 3155 naturalem
2040 3099 2483 3156 institutionem

492 3190 621 3248 fieri
648 3212 717 3248 eo
746 3189 877 3268 ipso
906 3188 1263 3260 ostenditur,
1291 3209 1425 3246 cum
1457 3210 1527 3245 ex
1555 3188 1772 3246 Iudaeo
1801 3188 1996 3247 infans
2021 3188 2254 3271 integer
2277 3211 2484 3249 nasca-

491 3294 607 3354 tur,
638 3282 720 3340 ita
756 3294 839 3353 ut,
880 3282 941 3339 in
977 3281 1255 3339 omnibus
1291 3279 1449 3356 patri
1477 3279 1715 3351 similis,
1759 3280 1836 3338 sit
1871 3280 1932 3337 in
1978 3280 2103 3339 sola
2137 3282 2483 3364 integritate

490 3373 820 3444 dissimilis,
854 3372 1179 3431 ostendens
1224 3383 1431 3428 contra
1470 3383 1739 3429 naturam
1788 3371 1947 3450 patri
1980 3372 2194 3430 vulnus
2226 3372 2485 3452 impres-

488 3487 639 3537 sum,
680 3465 821 3523 dum
855 3465 985 3543 ipse
1023 3465 1149 3521 sine
1192 3474 1563 3521 sacramento
1597 3463 1834 3541 paterni
1876 3463 2147 3541 corporis
2184 3463 2471 3523 nascitur.

398 3580 448 3617 20
487 3558 574 3615 Ita
602 3557 663 3615 in
693 3556 910 3615 Iudaeo
944 3569 1153 3614 natura
1176 3567 1235 3612 et
1265 3552 1481 3636 religio
1508 3554 1831 3625 luctantur,
1865 3553 2202 3635 integritati
2226 3554 2484 3614 naturali

543 3717 583 3759 1.
617 3716 735 3760 Gau.
755 3715 892 3771 xvn,
907 3717 1031 3758 9-10.

538 3879 562 3919 2
598 3877 693 3933 Et]t
724 3879 778 3926 B,
816 3874 1012 3917 initialis
1043 3873 1223 3917 litterae
1258 3873 1382 3914 locus
1417 3886 1584 3914 vacuus
1617 3871 1858 3925 remansit,
1890 3889 1915 3910 *
1938 3873 1979 3913 F
1999 3896 2049 3905 -
2077 3871 2480 3930 dixit-Abraham]

482 3949 642 3994 DIXIT
682 3949 754 3992 DS
785 3948 861 3990 AD
900 3946 1180 3989 ABRAHAM
1210 3943 1378 3986 uncial.
1417 3943 1516 3986 rub.
1539 3945 1651 3984 F—
1673 3942 1761 3999 Tu]
1788 3944 1847 3992 E;
1888 3948 1939 3985 tu
1963 3945 2003 3984 F
2023 3968 2080 3975 —
2103 3945 2129 3985 3
2152 3943 2315 4008 tuum]
2331 3961 2354 3983 *
2375 3945 2485 3985 F—

480 4011 505 4049 5
511 4005 661 4072 Quia]
688 4018 781 4059 qua
802 4006 908 4044 F—
931 4001 1064 4044 vobis
1111 4000 1247 4042 nobis
1269 4001 1372 4040 F—
1388 3998 1606 4055 Iudaeos]
1631 4002 1668 4041 B
1686 4000 1741 4039 F³
1762 3976 1927 4050 iudeus
1943 4001 1982 4039 F
2001 4002 2043 4040 et
2065 4000 2174 4041 add,
2201 4000 2257 4042 de
2276 4000 2344 4041 cir
2347 4014 2481 4042 cum-

481 4061 656 4105 cisione
679 4083 729 4092 —
752 4063 778 4102 6
796 4057 922 4114 inde]
948 4058 1050 4100 exin
1088 4071 1111 4098 e
1131 4058 1172 4097 F
1185 4081 1240 4088 —
1262 4055 1539 4097 deberemus
1570 4054 1739 4111 facere]
1767 4057 1917 4097 facere
1939 4055 2158 4097 deberem
2189 4057 2228 4096 F
2250 4080 2306 4086 —
2329 4057 2352 4097 7
2376 4055 2483 4141 cur]

480 4122 519 4160 B
536 4119 595 4158 ΙΜ
619 4130 740 4172 quur
763 4119 798 4157 F
808 4140 863 4146 —
885 4117 909 4156 8
931 4113 1092 4155 Israeli
1115 4114 1217 4153 F—
1231 4109 1438 4177 quidem]
1458 4111 1568 4153 add.
1586 4113 1625 4151 F
1639 4113 1819 4152 favente
1834 4109 2022 4152 domino
2039 4136 2096 4142 —
2115 4110 2354 4167 facillime]
2371 4113 2469 4152 BF

483 4172 693 4215 facileme
711 4174 749 4213 F
764 4197 817 4203 —
839 4173 866 4212 9
891 4169 1023 4226 quid]
1050 4172 1089 4209 Β
1109 4168 1168 4209 F³
1228 4167 1274 4209 ui
1294 4169 1332 4208 F
1351 4190 1405 4198 -—
1428 4167 1481 4207 10
1502 4166 1538 4207 si
1543 4165 1911 4222 gnificntionem]
1932 4169 2004 4208 F
2013 4181 2128 4208 ..nes
2159 4169 2198 4207 B
2221 4190 2277 4197 ·—-
2304 4165 2478 4223 quivis]

592 4227 736 4270 uisvis
762 4231 801 4269 Β
821 4230 860 4267 F
883 4251 934 4258 --
961 4169 1023 4267 11]
1042 4229 1198 4281 ptotes
1179 4182 1225 4280 t]
1246 4225 1350 4279 post
1378 4222 1525 4264 intell.
1564 4224 1674 4262 F—
1691 4221 1982 4278 intellegere]
2018 4224 2057 4263 F
2082 4221 2345 4286 intelligere
2375 4224 2483 4263 Β--

478 4232 752 4339 igedfinit]
777 4282 1011 4325 Fdiffinit.
1031 4284 1134 4322 Β-
1147 4280 1198 4321 13
1220 4277 1363 4334 tenet]
1382 4277 1492 4319 add.
1508 4280 1777 4333 Bcorpore,
1797 4278 1907 4321 add.
1931 4280 1990 4319 ΓΒ
2015 4292 2130 4319 59-
2143 4277 2231 4334 illi]
2258 4293 2345 4319 om.
2365 4280 2476 4318 F·-

479 4339 532 4383 15
556 4283 851 4394 vulnersinte]
875 4341 915 4379 Β
936 4339 994 4377 F2
1019 4336 1268 4377 vulnerant
1290 4339 1335 4376 et
1347 4277 1394 4374 JF
1415 4357 1465 4366 —
1489 4333 1753 4400 mutuasse]
1773 4336 1812 4374 B
1836 4335 1872 4373 F
1890 4334 2116 4375 multasse
2135 4335 2194 4374 F2
2216 4357 2270 4365 —
2290 4338 2482 4375 natura-

477 4399 573 4442 lem
595 4393 956 4449 institutionem]
978 4396 1017 4434 Β
1038 4392 1102 4433 F2
1127 4391 1213 4433 ...li
1235 4404 1345 4433 ...ne
1367 4392 1474 4430 F—
1495 4390 1548 4431 16
1570 4403 1661 4431 eol
1700 4333 1770 4454 so]
1796 4392 1843 4430 2·
1860 4405 1919 4433 m.
1938 4392 1976 4431 B
1996 4404 2092 4445 sup.
2120 4389 2202 4431 lin.
2226 4389 2314 4430 hoc
2336 4388 2482 4444 ipsud

477 4455 517 4494 F
532 4451 707 4510 (ipsum
729 4451 876 4518 F2)—
891 4450 940 4491 17
962 4448 1040 4505 sit]
1056 4448 1115 4488 ΡΒ
1134 4445 1428 4504 supplevit—
1442 4444 1651 4510 integi-it.
1690 4447 1728 4485 F
1743 4444 1958 4500 integret.
1977 4448 2084 4486 B—
2098 4446 2150 4486 18
2169 4443 2476 4501 impressum]

479 4508 764 4564 inpressum
760 4508 816 4548 F
840 4529 896 4537 —-—
917 4504 970 4547 19
992 4503 1123 4560 dum]
1149 4520 1173 4543 *
1206 4517 1285 4544 um
1310 4503 1350 4543 F
1377 4525 1431 4532 --
1458 4502 1511 4542 20
1535 4499 1639 4542 Ita
1625 4515 1673 4542 in
1703 4499 1891 4557 Iudaeo]
1923 4517 1947 4541 ιι
1972 4517 1996 4541 *
2017 4517 2041 4541 π
2063 4500 2212 4544 udueo
2238 4503 2350 4543 F—
2372 4499 2479 4543 luc-

481 4563 658 4621 tantur]
690 4564 982 4606 reluctantur
1002 4562 1042 4602 F
1066 4583 1115 4592 -
1147 4556 1429 4614 integritati]
1464 4574 1488 4596 κ
1510 4560 1605 4599 tate
1633 4558 1673 4598 F
