2880 5893
504 1568 527 1601 5

477 2023 523 2058 10

474 2481 520 2516 15

468 2937 519 2972 2⁰

568 1074 622 1121 68
1231 1069 1579 1120 TRACTATUS
1610 1071 1888 1120 ORIGENIS

570 1203 745 1260 quam
776 1184 971 1250 Deus3
1003 1181 1107 1238 sed
1138 1193 1384 1258 propter
1411 1180 1871 1261 significantiam
1898 1180 2037 1238 Filii
2069 1181 2329 1238 catulum
2366 1177 2559 1238 leonis

572 1273 916 1333 nominavit.
963 1274 1180 1331 Verum
1221 1272 1382 1349 quod
1419 1272 1638 1329 adiecit
1677 1296 1690 1329 ε
1736 1273 1823 1330 De
1867 1277 2134 1351 germine
2181 1273 2345 1348 filius
2396 1295 2559 1330 meus

568 1365 905 1434 ascendisti,
968 1364 1081 1421 hoc
1131 1363 1319 1421 voluit
1371 1364 1541 1421 nobis
1591 1364 1907 1420 ostendere
1962 1363 2120 1442 quod
2172 1364 2244 1420 de
2289 1365 2558 1444 germine

568 1456 712 1514 Iuda
743 1456 990 1534 Xpistus
1019 1455 1345 1524 advenerit,
1371 1455 1524 1512 sicut
1553 1467 1611 1512 et
1639 1476 1745 1532 per
1780 1455 1987 1512 Isaiam
2017 1456 2370 1532 prophetam
2408 1455 2558 1512 dici-

564 1560 660 1605 tur
692 1570 703 1603 :
740 1549 916 1605 Exiet
946 1552 1113 1626 virga
1132 1549 1202 1604 de
1229 1548 1431 1603 radice
1455 1548 1634 1616 Iesse,
1662 1560 1715 1603 et
1737 1545 1851 1625 flos
1878 1547 1948 1602 de
1971 1546 2173 1603 radice
2201 1552 2325 1603 eius
2353 1568 2558 1602 ascen-

564 1639 709 1697 det¹.
750 1640 908 1696 Iesse
946 1638 1056 1695 iste
1089 1649 1257 1715 pater
1287 1637 1396 1696 suit
1428 1637 1640 1711 David,
1679 1658 1751 1694 ex
1787 1637 1954 1694 cuius
1994 1636 2217 1706 radice,
2257 1636 2320 1693 id
2359 1648 2450 1693 est
2486 1657 2557 1694 ex

564 1730 731 1787 cuius
776 1728 1031 1809 origine,
1079 1728 1264 1786 Maria
1315 1728 1484 1809 virgo
1531 1740 1622 1785 est
1667 1740 1820 1799 nata,
1878 1750 2054 1806 quam
2105 1728 2327 1808 virgam
2374 1727 2554 1784 Isaias

564 1819 844 1899 appellat,
899 1833 955 1877 et
1000 1819 1206 1876 florem
1242 1820 1315 1876 de
1358 1819 1547 1899 virga,
1604 1819 1664 1875 id
1727 1831 1817 1875 est
1870 1819 2143 1896 Xpistum
2202 1818 2274 1874 de
2325 1817 2553 1897 virgine

563 1924 763 1969 natum
792 1911 1038 1968 indicat.
1070 1910 1245 1983 Quod
1271 1910 1511 1987 quidem
1539 1921 1599 1967 et
1621 1931 1729 1987 per
1758 1910 2146 1967 [ezechielem
2174 1909 2258 1966 sic
2288 1909 2508 1966 dicitur
2537 1932 2548 1966 :

562 2004 711 2060 Ecce
764 2004 886 2060 dies
936 2006 1173 2059 veniunt
1228 2015 1281 2058 et
1334 2006 1501 2079 virga
1544 2000 1850 2080 florebit2‚
1903 1999 1964 2056 id
2016 2013 2105 2057 est
2136 2000 2305 2080 virgo
2360 1999 2554 2078 pariet

560 2094 803 2151 humani
832 2092 1038 2150 florem
1067 2093 1305 2173 generis
1341 2091 1640 2169 Xpistum.
1682 2095 1752 2149 Et
1789 2092 1902 2149 hoc
1940 2103 2032 2148 est
2057 2090 2217 2169 quod
2244 2091 2425 2148 dicit:
2465 2093 2553 2148 De

553 2190 818 2265 germine
851 2185 1015 2261 filius
1058 2205 1220 2240 meus
1255 2183 1590 2252 ascendisti,
1638 2182 1776 2261 quia
1812 2195 1877 2239 ut
1911 2183 2027 2239 iam
2066 2182 2290 2239 dictum
2328 2195 2437 2253 est,
2481 2205 2554 2239 ex

560 2276 828 2358 germine
873 2275 1116 2333 seminis
1165 2274 1307 2332 Iuda
1355 2275 1651 2352 processit
1689 2274 1897 2344 Maria,
1943 2273 2096 2330 unde
2151 2272 2259 2330 Hos
2303 2273 2551 2351 Xpistus

559 2367 820 2429 advenit.

637 2461 711 2517 Et
747 2458 967 2517 adiecit
998 2482 1009 2515 :
1049 2459 1413 2517 Recumbens
1440 2459 1711 2514 dormisti
1736 2461 1888 2514 sicut
1923 2458 2010 2514 leo
2047 2469 2101 2513 et
2133 2461 2285 2514 sicut
2315 2457 2551 2515 catulus

557 2552 759 2620 leoni-3,
792 2555 923 2630 quis
947 2549 1255 2606 suscitabit
1284 2570 1413 2606 eum
1435 2547 1747 2606 PDiximus
1784 2548 1899 2606 iam
1938 2548 2171 2606 leonem
2205 2561 2264 2606 et
2290 2549 2547 2606 catulum

557 2641 747 2699 leonis
786 2644 1024 2699 Patrem
1075 2653 1132 2698 et
1174 2640 1391 2697 Filium
1435 2639 1721 2710 indicare,
1772 2661 2023 2718 quorum
2066 2661 2177 2697 una
2224 2653 2429 2697 natura
2460 2653 2552 2697 est

557 2733 743 2813 geniti
781 2732 1140 2813 etingeniti.
1168 2733 1339 2789 Unde
1371 2743 1428 2788 et
1465 2732 1593 2808 ipse
1626 2730 1895 2789 Salvator
1931 2731 2012 2789 ait
2044 2754 2056 2786 ε
2097 2734 2225 2810 Ego
2262 2736 2321 2789 in
2349 2745 2546 2810 patre,

556 2837 612 2882 et
644 2825 827 2881 Pater
862 2828 920 2880 in
955 2845 1045 2881 me
1071 2824 1114 2884 3.
1161 2822 1280 2881 Sed
1316 2823 1466 2879 alter
1499 2825 1558 2879 in
1602 2823 1788 2879 altero
1839 2844 1967 2880 esse
2006 2844 2127 2880 non
2162 2836 2389 2901 potest,
2432 2822 2550 2879 nisi

557 2937 665 2992 per
716 2929 957 2973 naturae
1002 2914 1368 2972 individuam
1411 2914 1719 2970 unitatem.
1758 2914 1931 2985 Quod
1986 2926 2179 2971 autem
2228 2915 2308 2972 ait
2344 2939 2356 2971 z
2401 2915 2550 2991 Quis

555 3006 862 3063 suscitabit
889 3005 1062 3062 eum?
1090 3004 1236 3079 Quis
1273 3005 1429 3062 enim
1458 3004 1609 3061 alius
1639 3004 1946 3061 suscitavit
1972 3004 2159 3061 filium
2191 3006 2307 3062 nisi
2335 3005 2550 3062 Pater?

556 3097 732 3155 sicuti
774 3096 1079 3174 apostolus
1123 3096 1204 3153 ait
1263 3119 1275 3152 ε
1331 3096 1451 3172 Qui
1498 3099 1868 3154 resuscitavit
1920 3096 2114 3153 Iesum
2175 3118 2214 3152 a
2274 3102 2543 3169 mortuis,

554 3190 926 3246 resuscitabit
987 3203 1039 3245 et
1106 3189 1388 3244 mortalia
1437 3209 1691 3267 corpora
1754 3200 1948 3245 vestra
1974 3187 2017 3248 4.
2076 3187 2195 3246 Sed
2254 3189 2542 3260 dormisti,

610 3364 650 3407 1.
681 3364 745 3407 Is.
771 3363 844 3412 x1,
869 3363 911 3405 1.

611 3420 652 3461 2.
684 3421 763 3461 Ez.
790 3419 888 3467 VII,
910 3419 976 3460 10.

611 3476 651 3518 3.
684 3475 782 3517 Ios.
812 3474 924 3523 XIV,
952 3475 1019 3515 10.

608 3531 650 3571 4.
683 3531 807 3574 Rom.
831 3530 952 3579 vm,
979 3529 1046 3571 11.

609 3705 629 3745 1
658 3704 757 3760 sed]
785 3703 926 3744 sicF2
948 3728 1004 3733 —
1026 3703 1074 3743 fil
1098 3718 1200 3740 *aar*
1222 3703 1295 3743 nis
1316 3705 1423 3742 F—
1446 3704 1469 3743 2
1501 3703 1563 3743 De
1586 3702 1814 3759 germine]
1842 3703 1870 3743 d
1894 3719 1957 3741 *vc
1987 3706 2101 3744 F—
2123 3706 2147 3745 3
2176 3710 2331 3747 osu*
2356 3705 2412 3747 de
2434 3708 2545 3747 F.-

552 3762 578 3801 4
603 3759 737 3815 Iuda]
758 3758 932 3814 scripsi,
955 3758 1092 3800 iudae
1121 3761 1159 3799 B
1185 3760 1223 3798 F
1246 3782 1297 3788 —
1323 3763 1368 3799 et
1390 3772 1474 3813 per
1504 3757 1693 3810 isaiam]
1722 3774 1745 3795 τι·
1762 3774 1785 3795 *
1801 3758 1939 3800 *iam
1959 3762 1998 3800 F
2018 3784 2072 3791 —
2092 3760 2281 3805 dicitur]
2301 3760 2413 3802 dit-it
2435 3764 2545 3802 F—

554 3817 789 3865 51esse1,*
813 3817 917 3854 F—
939 3829 992 3854 ex
1019 3812 1170 3869 cuius]
1200 3815 1244 3854 2⁰
1267 3827 1382 3854 eras.
1411 3816 1448 3854 F
1472 3838 1526 3843 —
1545 3814 1567 3853 7
1595 3813 1798 3869 virgum]
1825 3817 1863 3855 B
1884 3817 1951 3855 ΙΗ
1974 3815 2108 3871 virga
2133 3818 2235 3856 F—
2258 3812 2282 3857 8‘
2310 3817 2487 3871 apellat
2508 3820 2548 3858 F

565 3895 614 3903 --
634 3873 812 3916 ssot-em:
833 3872 916 3911 flos
934 3873 1034 3910 F—
1051 3868 1329 3924 vi1·gai]add.
1357 3869 1577 3910 ascendet
1594 3872 1657 3910 F²
1681 3893 1731 3899 —
1753 3869 1986 3926 Xpistum]
2010 3873 2094 3912 ssos
2115 3872 2320 3926 xpistum
2335 3874 2374 3913 F
2390 3873 2541 3929 (...tus

551 3928 632 3983 F2)
669 3951 724 3956 —
756 3930 779 3966 9
809 3932 969 3967 natum
1005 3925 1197 3980 indicat]
1236 3930 1370 3966 nutus
1404 3925 1587 3980 prodiet
1616 3927 1678 3965 F2
1711 3926 1756 3966 in
1802 3940 1891 3967 ras.
1928 3949 1985 3959 —
2026 3927 2239 3981 Iacchi]
2278 3928 2448 3970 ezechi.
2482 3929 2542 3970 1⁸2

552 3982 829 4023 ezechieluni
860 3984 896 4021 F
921 3985 961 4022 et
985 3980 1093 4021 add.
1131 3980 1408 4035 prophetam
1437 4004 1494 4011 —
1520 3980 1714 4076 dicitur]
1740 3981 2000 4023 ostenditur
2028 3985 2092 4023 F2
2125 3982 2171 4024 in
2202 3997 2294 4025 ras.
2332 4008 2382 4015 ——
2416 3985 2467 4026 10
2494 3984 2542 4025 id

552 4038 642 4094 est]
665 4041 701 4078 B
724 4039 789 4078 F2
822 4037 867 4077 id
900 4040 937 4077 F
962 4060 1014 4067 —
1044 4037 1089 4077 ‘11
1126 4037 1283 4077 florem
1313 4035 1502 4077 humani
1535 4038 1571 4076 F
1602 4061 1657 4066 -—
1718 4050 1741 4078 e
1773 4051 1919 4091 gei-m.
1949 4039 1979 4079 f.
2013 4038 2161 4094 meus]
2188 4055 2330 4077 *Η*
2356 4041 2466 4080 F—
2489 4040 2541 4081 12

550 4094 675 4148 quia]
707 4095 745 4133 B
766 4094 832 4133 Ι«’2
869 4091 948 4147 qui
982 4098 1137 4132 autem
1171 4094 1279 4131 F—
1306 4092 1417 4147 inm]
1453 4106 1539 4132 om.
1564 4094 1603 4132 F
1631 4116 1685 4122 —
1716 4106 1769 4132 ex
1800 4107 1845 4147 g.
1881 4108 1915 4133 5.
1952 4093 2083 4149 luda]
2119 4110 2261 4133 *aar*
2285 4110 2312 4135 a
2338 4097 2378 4135 F
2401 4120 2456 4126 —
2489 4097 2540 4137 13

549 4147 798 4204 processit]
837 4148 1012 4203 prodiit
1040 4149 1102 4187 F2
1135 4147 1180 4188 in
1211 4161 1304 4188 ras.
1332 4163 1388 4189 em
1422 4147 1544 4190 ...bit
1573 4171 1627 4178 —
1653 4148 1791 4188 unde]
1831 4152 1875 4189 et
1910 4148 1964 4189 de
2001 4149 2146 4191 Maria
2179 4151 2237 4189 F2
2273 4150 2319 4192 in
2354 4165 2447 4192 ras.
2484 4176 2542 4183 —

549 4204 732 4246 xristus
753 4218 793 4247 a.
828 4205 882 4244 Et
906 4202 1092 4259 adiecit]
1116 4219 1139 4240 *
1156 4220 1179 4241 *
1196 4219 1219 4241 φ(
1236 4219 1259 4241 *
1278 4202 1340 4243 cit
1362 4205 1400 4242 F
1420 4227 1475 4233 —
1502 4204 1552 4243 15
1581 4208 1625 4244 et
1650 4218 1684 4244 s.
1711 4217 1747 4244 c.
1778 4199 1931 4244 'leonis
1982 4221 2005 4242 *
2022 4222 2044 4242 *
2062 4221 2124 4243 Η
2155 4204 2194 4246 is
2217 4208 2256 4247 F
2273 4231 2326 4237 -—
2357 4206 2410 4247 16
2433 4208 2538 4262 quis

548 4258 814 4315 suscitabit]
839 4262 877 4300 B
898 4260 959 4299 F2
983 4257 1062 4314 qui
1086 4257 1330 4299 suscitavit
1350 4261 1389 4298 F
1407 4283 1459 4289 —
1482 4257 1577 4299 iam
1600 4259 1631 4299 1.
1656 4272 1692 4299 e.
1720 4261 1927 4300 catulum
1974 4276 1996 4298 ψ(
2014 4277 2036 4298 *
2053 4277 2075 4297 νε
2092 4276 2114 4298 *
2142 4275 2215 4302 um
2240 4264 2279 4301 F
2295 4262 2418 4302 -17
2439 4261 2540 4304 indi

548 4333 571 4354 *
587 4332 610 4353 ,ε
627 4332 649 4353 *
680 4320 848 4356 natura
878 4317 916 4354 F
940 4339 995 4345 —
1017 4315 1068 4355 18
1099 4319 1144 4354 et
1165 4313 1380 4370 ingeniti]
1404 4317 1443 4355 B
1466 4316 1529 4354 ΡΞ)
1562 4315 1619 4355 ab
1643 4314 1851 4370 ingenito
1882 4318 1922 4356 F
1942 4339 1996 4347 —
2019 4316 2151 4358 Unde
2178 4322 2223 4358 et
2246 4316 2262 4357 i
2305 4318 2532 4375 salvator]

546 4387 608 4409 ,Η
626 4387 688 4409 Η
711 4384 765 4410 οι·
787 4373 824 4411 F
843 4394 893 4402 —
914 4369 996 4425 ait]
1028 4384 1111 4410 om.
1150 4372 1189 4409 F
1211 4394 1263 4400 —
1294 4370 1348 4410 19
1375 4369 1465 4411 Sed
1498 4384 1536 4410 a.
1564 4369 1610 4410 in
1643 4384 1685 4411 a.
1718 4370 1840 4426 esse]
1873 4386 1895 4409 ,ν
1913 4387 1935 4408 *
1952 4387 1975 4409 *
1992 4387 2014 4409 ,ε
2039 4374 2147 4412 F—
2169 4374 2223 4413 20
2246 4373 2538 4415 individuam

544 4425 789 4482 unitatem]
816 4425 921 4466 inde
947 4425 1059 4481 (indi
1086 4425 1172 4480 Fss)
1196 4441 1219 4464 *
1236 4441 1259 4463 ν(
1277 4427 1314 4465 F
1331 4449 1387 4456 —
1404 4425 1545 4481 quod]
1570 4425 1620 4466 ld
1644 4428 1681 4465 F
1702 4426 1854 4482 —nit]
1877 4432 1948 4467 est
1969 4428 2027 4468 F2
2045 4427 2091 4468 in
2116 4442 2206 4469 ras.
2232 4451 2287 4458 -—
2309 4428 2434 4487 quis]
2457 4430 2538 4486 qui

541 4485 581 4523 F
597 4507 652 4514 -
674 4483 722 4525 21
754 4481 895 4537 enim]
922 4480 1063 4521 erasit
1087 4481 1152 4521 F2
1179 4504 1233 4512 —
1256 4480 1378 4522 alius
1398 4496 1435 4523 5.
1462 4480 1629 4537 filium]
1656 4497 1679 4520 νε
1696 4497 1718 4520 *
1736 4497 1758 4520 *
1778 4496 1856 4523 um
1879 4484 1916 4521 F
1946 4506 2001 4514 --
2023 4483 2075 4523 22
2099 4483 2257 4539 sicuti]
2289 4485 2408 4527 sicut
2429 4487 2538 4526 F—

543 4551 592 4580 re
612 4555 636 4577 *
651 4554 673 4576 ὴ
697 4552 724 4580 a
744 4551 857 4579 mor.
879 4539 916 4578 F
931 4561 985 4568 —
1006 4538 1058 4578 23
1076 4535 1395 4592 resuscitabit]
1420 4540 1458 4577 B
1479 4538 1544 4577 F2
1638 4535 1707 4578 vit
1726 4540 1763 4578 F
1777 4561 1833 4568 —
1854 4543 1979 4579 mort
1995 4553 2020 4576 a*
2034 4554 2059 4576 ἡ
2081 4545 2244 4582 nostra
2260 4541 2298 4580 F
