2880 5893
1154 1104 1500 1147 TRACTATUS
1532 1104 1590 1146 Vl
2312 1099 2370 1140 69

383 1208 599 1287 inquit,
644 1222 707 1266 ut
746 1208 853 1269 leo,
895 1208 1052 1280 Quid
1090 1220 1179 1265 est
1220 1209 1491 1265 dormisti
1530 1221 1590 1265 ιιι
1632 1207 1756 1264 leo?
1792 1206 1858 1264 Id
1895 1218 1983 1262 est
2023 1226 2266 1262 securus
2311 1217 2371 1262 et

383 1300 642 1378 quietus,
675 1302 792 1357 Leo
818 1300 974 1356 enim
1005 1321 1248 1356 securus
1277 1300 1517 1369 dormit,
1543 1298 1684 1355 dum
1709 1297 1858 1354 nihil
1881 1297 2070 1367 timet,
2104 1296 2208 1353 sed
2241 1296 2370 1375 ipse

381 1393 622 1449 timetur
658 1392 730 1447 ab
758 1391 1054 1449 omnibuS.
1099 1390 1199 1448 Sic
1233 1403 1291 1448 et
1320 1390 1587 1448 Salvator
1625 1402 1827 1446 noster
1868 1409 2112 1445 securus
2153 1386 2369 1444 dormi-

380 1483 461 1540 vit.
497 1483 557 1539 in
594 1494 804 1553 morte,
846 1481 981 1560 quia
1023 1495 1270 1561 propter
1307 1493 1757 1561 praepotentem
1802 1480 2077 1537 virtutem
2127 1490 2370 1537 naturae

383 1595 543 1644 suae,
596 1595 714 1631 non
758 1574 948 1631 solum
1003 1572 1208 1630 mortis
1259 1574 1538 1630 virtutem
1599 1594 1717 1629 non
1776 1571 1998 1641 timuit,
2051 1591 2251 1628 verum
2312 1583 2370 1627 et

381 1664 570 1743 ipsam
603 1675 852 1722 mortem
882 1664 1190 1721 moriendo
1224 1664 1461 1724 devicit.
1494 1666 1571 1721 Et
1607 1664 1743 1721 ideo
1782 1674 2032 1741 propter
2069 1662 2368 1720 confiden-

381 1757 521 1813 tiam
580 1755 914 1813 securitatis
963 1755 1172 1834 quain
1225 1767 1412 1813 morte
1453 1755 1754 1827 dormivit,
1807 1775 1926 1810 non
1975 1753 2165 1811 solum
2218 1752 2366 1810 nihil

379 1849 619 1919 timenS,
660 1848 764 1905 sed
807 1860 862 1904 et
919 1869 1124 1904 omnes
1176 1859 1502 1926 potestates
1537 1847 1914 1924 triumphans
1955 1867 2064 1925 per
2105 1865 2363 1914 crucem,

380 1960 622 1996 securus
659 1951 717 1996 et
742 1938 1049 1996 confidens
1079 1937 1371 1996 dormisse
1401 1938 1621 1995 dicitur
1642 1983 1655 2007 ‚
1698 1936 1874 1993 sicuti
1904 1936 2207 2016 apostolus
2237 1935 2318 1993 ait
2351 1959 2362 1992 :

380 2031 655 2108 Spolians
680 2052 741 2087 se
767 2052 948 2088 carne
964 2031 1171 2108 palam
1193 2043 1512 2109 potestates
1536 2030 1919 2107 triumphavit
1935 2050 2049 2106 per
2071 2049 2305 2085 crucem
2321 2028 2362 2088 ¹.

380 2123 453 2177 Et
474 2121 584 2178 hoc
618 2121 886 2199 estquod
923 2123 1005 2179 ait
1044 2146 1055 2177 z
1099 2122 1388 2178 Dormisti
1411 2135 1471 2178 ut
1506 2122 1595 2178 leo
1618 2134 1674 2177 et
1706 2124 1858 2176 sicut
1888 2120 2122 2176 catulus
2157 2118 2362 2191 leonis,

378 2216 509 2291 qais
543 2214 849 2270 suscitabit
885 2235 1013 2270 eum
1034 2217 1066 2270 f>

454 2306 529 2360 Et
574 2303 793 2360 adiecit
842 2328 853 2360 ε
907 2305 1041 2364 Non
1092 2304 1322 2380 deficiet
1368 2309 1643 2383 princeps
1679 2302 1749 2359 de
1778 2304 1934 2361 Iuda
1977 2323 2083 2359 nee
2121 2303 2245 2359 dux
2298 2302 2369 2359 de

371 2395 694 2474 femoribus
719 2400 865 2465 eiuS,
897 2397 1077 2453 donec
1114 2398 1307 2454 veniat
1339 2417 1533 2453 semen
1565 2398 1724 2475 quod
1750 2400 1808 2454 ei
1833 2398 2150 2474 repositum
2178 2408 2284 2470 est,
2315 2407 2367 2451 et

378 2490 494 2563 ipse
548 2508 678 2565 spes
729 2488 1049 2566 gentiurn2.
1102 2489 1225 2544 Hoc
1286 2479 1528 2565 planum
1585 2500 1760 2566 atque
1818 2487 2203 2566 perspicuum
2252 2498 2362 2556 est,

374 2577 749 2634 dilectissimi
805 2579 1035 2646 fratrem,
1093 2577 1228 2656 quia
1300 2600 1419 2635 non
1472 2578 1691 2636 defecit
1759 2600 1960 2636 semen
2026 2589 2365 2634 sanctorum

377 2681 631 2746 patrum,
665 2669 769 2726 sed
799 2691 905 2726 nec
930 2669 1236 2748 princepS,
1267 2668 1330 2726 id
1351 2682 1440 2727 est
1469 2692 1593 2739 rex,
1629 2693 1701 2727 ex
1728 2669 1959 2750 origine
1996 2669 2139 2727 Iuda
2177 2690 2365 2726 cessa·

373 2759 477 2827 vit,
515 2781 705 2838 neque
750 2761 869 2817 dux
907 2761 978 2817 de
1023 2761 1349 2818 femoribus
1379 2762 1526 2832 eius,
1576 2762 1767 2818 donec
1801 2760 2051 2839 Xpistus
2096 2782 2167 2817 ex
2203 2759 2364 2817 tribu

376 2852 516 2908 Iuda
547 2852 972 2929 repromissum
1005 2875 1206 2909 semen
1240 2865 1295 2909 et
1330 2874 1466 2930 spes
1506 2853 1772 2933 gentium
1804 2853 1879 2909 de
1906 2852 2094 2909 Maria
2129 2851 2365 2933 virgine

378 2955 745 3000 nasceretur.
803 2946 889 3000 Ex
933 2943 1094 3001 tribu
1143 2943 1301 3001 enim
1343 2943 1484 3002 Iuda
1539 2965 1787 3025 regnum
1835 2944 2186 3001 Iudaeorum
2230 2942 2361 3013 suit,

377 3035 536 3113 quod
580 3056 648 3091 eo
706 3057 892 3113 usque
933 3057 1052 3092 non
1098 3035 1315 3093 defecit
1358 3036 1547 3093 donec
1593 3036 1838 3114 Xpistus
1899 3057 2098 3093 semen
2156 3055 2364 3111 repro-

378 3124 620 3183 missum
678 3125 741 3182 in
789 3127 1022 3184 saeculo
1078 3139 1439 3184 coruscaret.
1488 3127 1759 3205 Denique
1813 3127 1863 3185 si
1911 3139 2121 3204 putant
2161 3125 2363 3183 Iudaei

377 3216 569 3275 adhuc
605 3239 723 3275 non
775 3218 1012 3276 venisse
1059 3218 1360 3296 Xpistum‚
1411 3241 1553 3300 ergo
1606 3219 1679 3276 de
1735 3219 1899 3276 tribu
1940 3219 2080 3276 luda
2114 3239 2360 3297 regnum

375 3308 551 3366 hodie
578 3309 930 3367 Iudaeorum
959 3323 1289 3388 permanet.
1327 3309 1443 3367 Aut
1480 3311 1526 3366 si
1557 3311 1672 3368 iam
1705 3331 1820 3367 non
1850 3322 2101 3388 regnant
2131 3309 2356 3379 Iudaei,

372 3399 534 3457 venit
570 3422 770 3458 semen
810 3401 1136 3479 repositum
1172 3402 1330 3480 quod
1376 3401 1461 3459 eis
1502 3403 1690 3459 suerat
1739 3401 2166 3480 repromissum
2208 3425 2218 3458 :
2259 3401 2361 3480 qui

429 3604 469 3644 1.
501 3604 613 3646 Con.
641 3603 699 3651 ΙΙ,
724 3603 792 3645 15.

426 3660 465 3701 2.
500 3659 618 3703 GEN.
652 3659 801 3711 XLIX,
832 3660 896 3701 10.

430 3872 446 3912 1
475 3870 593 3921 Quid
619 3885 660 3913 e.
683 3870 916 3927 dormisti]
944 3889 965 3909 ὴ
989 3889 1009 3909 *
1033 3889 1053 3909 νε
1080 3872 1136 3912 sti
1163 3875 1197 3913 F
1215 3873 1362 3914 —leo
1392 3888 1427 3914 c.
1461 3873 1671 3930 securus]
1700 3891 1721 3911 π
1746 3891 1769 3912 *
1795 3891 1817 3912 *
1842 3889 1921 3915 rus
1946 3877 1980 3914 F
2002 3898 2051 3906 -
2073 3877 2095 3915 2
2120 3874 2165 3930 ip
2193 3892 2212 3914 *
2239 3893 2260 3914 ιι
2287 3894 2308 3914 *
2330 3877 2358 3917 b

368 3929 405 3968 F
431 3952 485 3957 -
515 3930 539 3968 3
570 3927 791 3968 dormivit
811 3927 877 3983 in]
907 3943 929 3965 *
953 3944 976 3965 *
1003 3929 1040 3967 F
1067 3952 1119 3959 —
1140 3929 1166 3968 4
1191 3929 1360 3993 morte]
1389 3929 1565 3984 scripsi,
1590 3935 1785 3970 mortem
1818 3933 1855 3970 B
1874 3932 1910 3970 F
1937 3954 1991 3960 —
2013 3930 2120 3994 quia
2145 3933 2355 3988 propter]

369 3996 460 4036 qua
484 3987 676 4038 propter
696 3984 765 4023 F‘2
787 4007 843 4013 --
862 3987 1059 4024 naturae
1101 3999 1124 4021 *
1149 3985 1187 4023 F
1204 4008 1259 4013 —
1281 3986 1305 4024 5
1329 3989 1444 4026 timu
1470 4001 1492 4022 *
1517 4001 1540 4023 *
1564 3999 1694 4026 erum
1714 3987 1750 4026 F
1771 4009 1819 4017 —
1847 3987 1872 4026 6
1891 3985 2079 4042 devicit]
2105 3989 2168 4026 F'-'
2192 3986 2359 4029 deiecit

369 4041 407 4079 B
428 4038 581 4080 deficit
604 4040 642 4077 F
662 4036 829 4080 defecit
845 4038 910 4078 F3
931 4063 985 4068 —-
1005 4040 1031 4077 6
1090 4044 1108 4079 t
1123 4038 1246 4095 ideo]
1273 4056 1296 4077 *
1317 4057 1339 4077 *
1363 4039 1448 4081 deo
1470 4042 1575 4080 F·—
1595 4042 1621 4081 9
1641 4040 1795 4097 sicuti]
1818 4040 1938 4082 sicut
1954 4044 1991 4082 F
2010 4041 2130 4082 sicut
2147 4042 2270 4082 enim
2292 4045 2357 4083 F2

368 4118 423 4125 -—
449 4095 502 4135 10
527 4093 684 4149 carne]
709 4096 747 4134 F
773 4107 960 4134 carnem
986 4097 1021 4134 B
1055 4117 1103 4124 —
1131 4094 1178 4134 11
1212 4094 1295 4150 ait]
1323 4109 1411 4136 om.
1443 4098 1488 4144 F,
1519 4096 1690 4137 dicitur
1719 4099 1786 4137 Ι’“2
1811 4121 1863 4128 --
1887 4097 1936 4137 12
1961 4097 2064 4152 quis
2090 4097 2353 4155 suscitabit]

367 4150 475 4190 31³2
498 4148 577 4203 qui
600 4148 895 4189 suscitavitF
911 4173 967 4178 —
988 4150 1041 4191 14
1059 4155 1104 4190 et
1122 4149 1222 4204 ipse
1246 4164 1281 4190 s.
1308 4150 1536 4208 gentium]
1560 4168 1581 4189 *
1602 4168 1626 4191 ,σε
1650 4169 1673 4190 *
1694 4168 1716 4189 *
1740 4151 1862 4193 cium
1880 4155 1915 4193 F
1935 4176 1986 4183 —
2010 4152 2062 4194 15
2081 4152 2269 4209 pei-spic
2289 4171 2311 4192 ψ(
2334 4171 2355 4192 *

370 4221 573 4242 *****
599 4204 707 4245 fecit
723 4208 827 4246 F—
849 4204 899 4244 17
915 4218 996 4244 nec
1011 4204 1230 4260 princeps
1251 4205 1298 4246 id
1321 4206 1409 4262 est]
1437 4224 1459 4244 *
1481 4224 1502 4244 *
1524 4224 1546 4244 *
1568 4224 1588 4244 *
1610 4209 1646 4247 F
1665 4232 1719 4238 —
1738 4208 1868 4264 luda]
1897 4207 2032 4248 iudae
2051 4211 2088 4249 F
2099 4215 2141 4250 et
2163 4208 2355 4250 subinde

369 4283 421 4290 —-
446 4260 497 4300 18
520 4273 666 4315 neque
684 4259 731 4302 d.
756 4259 801 4301 d.
827 4259 1101 4317 semoribus]
1124 4278 1147 4299 *
1171 4278 1192 4299 ,ε
1214 4278 1237 4299 *
1265 4278 1288 4299 ,κ
1312 4260 1442 4302 ribus
1466 4264 1502 4302 I·'
1523 4287 1571 4293 —
1601 4263 1653 4303 19
1678 4263 1791 4305 luda
1812 4277 2016 4318 reprom.
2042 4264 2217 4321 semen]
2244 4280 2266 4303 *
2289 4281 2311 4303 *
2332 4281 2354 4304 ,ω

368 4317 404 4354 F
426 4340 482 4345 —
508 4314 690 4369 virgine
716 4315 867 4371 nasc.]
887 4314 992 4370 virg
1016 4332 1038 4353 *
1064 4333 1085 4353 *
1108 4320 1145 4356 F
1163 4341 1218 4347 —-
1240 4317 1294 4356 20
1316 4316 1589 4359 iudaeorum
1622 4319 1651 4359 f.
1690 4319 1831 4375 quod]
1864 4318 1942 4359 iud
1968 4336 1989 4357 ,ι
2015 4336 2036 4357 *
2058 4336 2079 4358 ,ι
2101 4322 2202 4360 F—
2224 4320 2273 4361 21
2303 4335 2355 4361 eo

369 4370 533 4426 usque]
563 4375 600 4411 B
619 4373 686 4411 F2
718 4385 866 4425 usque
896 4385 949 4412 co
971 4374 1008 4411 F
1034 4395 1088 4401 —-
1121 4371 1266 4414 donec
1318 4373 1441 4427 quod
1472 4376 1508 4413 F
1536 4388 1675 4429 quam
1700 4376 1769 4415 F‘2
1803 4400 1859 4406 —
1882 4375 2221 4430 repromissum
2244 4375 2289 4417 in
2315 4391 2350 4417 s.

368 4426 652 4481 coruscaret]
679 4442 702 4465 *
727 4443 749 4464 *
773 4444 796 4465 *
821 4442 844 4465 *
868 4432 1079 4468 ruscnret
1111 4429 1148 4467 F
1174 4453 1229 4458 —
1286 4430 1310 4469 2
1342 4427 1500 4470 ludaei
1530 4443 1571 4470 a.
1606 4444 1650 4471 n.
1684 4430 1888 4486 venisse]
1914 4448 1937 4468 *
1962 4448 1984 4468 *
2010 4448 2032 4469 ὴ
2054 4448 2075 4469 *
2100 4432 2225 4472 nisse
2245 4433 2283 4472 F
2300 4456 2357 4464 —

367 4482 420 4521 23
439 4495 633 4536 regnum
653 4481 698 4522 h.
718 4481 1015 4539 ludaeorum]
1035 4498 1058 4520 ψ
1073 4500 1097 4521 *
1116 4499 1140 4520 *
1160 4482 1353 4526 deorum
1371 4487 1470 4525 F—-
1490 4485 1543 4525 24
1559 4484 1597 4525 si
1612 4485 1724 4541 iam]
1749 4487 1862 4527 13F2
1883 4500 2016 4527 suum
2034 4488 2138 4527 F—
2157 4494 2356 4543 regnant

367 4536 403 4581 1.
424 4536 567 4594 venit]
593 4553 617 4576 *
636 4554 661 4576 *
684 4554 707 4576 *
726 4536 796 4579 nit
814 4540 852 4580 1⁴·
868 4561 924 4570 —-
946 4539 997 4580 25
1016 4537 1102 4596 eis]
1129 4538 1170 4582 ei
1187 4542 1225 4581 F
1242 4565 1298 4573 —-
1319 4554 1522 4596 reprom.
1546 4541 1625 4598 qui
1652 4537 1740 4597 est]
1768 4557 1787 4580 *
1813 4558 1836 4580 ν(
1860 4558 1883 4580 *
1906 4543 1943 4583 F

2406 1590 2430 1623 5

2406 2047 2451 2081 10

2404 2504 2451 2539 15

2398 2946 2449 2997 '20

2395 3420 2443 3455 25
