2880 5893
1194 1071 1543 1116 TRACTATUS
1574 1072 1631 1114 XI
2329 1069 2411 1111 119

418 1191 471 1234 et
503 1173 684 1254 ficum
726 1196 922 1235 secum
959 1175 1347 1244 attulerunt1,
1387 1187 1447 1233 ut
1478 1196 1551 1233 ex
1582 1174 1869 1253 qualitate
1899 1174 2192 1232 fructuum
2232 1172 2407 1232 uber-

415 1278 596 1325 tatem
627 1279 820 1325 terrae
850 1278 1270 1325 monstrarent.
1302 1268 1450 1324 Cum
1478 1287 1623 1348 ergo
1648 1266 1986 1324 attulissent
2022 1265 2410 1322 nihilominus

417 1360 915 1437 perturbaverunt
942 1380 1177 1416 omnem
1203 1358 1463 1435 plebem,
1495 1356 1765 1415 dicentes
1802 1380 1814 1413 τ
1858 1358 2041 1413 Terra
2069 1378 2246 1436 quam
2265 1377 2410 1434 per-

416 1453 797 1508 transivimus
835 1451 1232 1518 considerare‚
1285 1461 1447 1506 terra
1500 1449 1605 1506 illa
1664 1449 1911 1506 comedit
1960 1446 2296 1505 habitantes
2351 1452 2410 1504 in

414 1562 497 1610 se,
529 1555 583 1597 et
614 1553 697 1598 est
723 1545 910 1597 omnis
937 1540 1194 1621 populus
1228 1562 1396 1620 quem
1431 1540 1681 1597 vidimus
1717 1543 1831 1597 viri
1861 1543 2167 1596 immanes.
2214 1539 2332 1596 Sed
2358 1551 2413 1596 et

419 1634 500 1689 ibi
511 1635 784 1711 gigantes
816 1632 1085 1704 vidimus,
1118 1643 1174 1687 et
1198 1633 1424 1710 suimus
1453 1644 1590 1687 ante
1617 1630 1749 1688 illos
1782 1635 1934 1688 sicut
1960 1630 2241 1687 locustae.
2282 1629 2411 1706 Quo

418 1723 619 1780 audito
654 1726 840 1779 omnis
870 1743 1182 1801 synagoga
1200 1723 1356 1779 dedit
1386 1742 1600 1790 vocem,
1640 1734 1695 1779 et
1715 1721 1972 1799 ploravit
1998 1720 2255 1802 populus
2290 1733 2411 1778 tota

419 1827 582 1870 nocte
611 1814 735 1870 illa.
767 1813 886 1870 Sed
909 1827 962 1870 et
989 1827 1511 1870 murmuraverunt
1545 1812 1831 1868 adversus
1862 1815 2096 1889 Moysen
2125 1824 2180 1868 et
2204 1811 2412 1867 Aaron

418 1925 615 1961 omnes
640 1904 758 1981 filii
787 1905 1038 1960 Israel‘2.
1085 1904 1162 1960 Et
1197 1905 1474 1961 dixerunt
1510 1903 1592 1959 ad
1622 1903 1979 1960 alterutrum
2021 1925 2049 1958 ¹.·
2094 1903 2414 1958 Faciamus

419 1995 583 2052 nobis
607 1996 834 2065 ducem,
864 2008 920 2051 et
945 2009 1316 2051 reverta-mur
1342 1997 1401 2051 in
1418 1993 1772 2074 Aegyptum.
1799 1995 1878 2050 Et
1897 1994 2151 2073 procidit
2178 1993 2413 2067 Moyses

418 2098 474 2142 et
502 2083 707 2143 Aaron
735 2090 796 2142 in
820 2086 1040 2164 faciem
1071 2098 1209 2143 ante
1246 2099 1615 2163 conspectum
1649 2090 1837 2142 omnis
1875 2105 2219 2163 synagogae
2251 2083 2409 2160 filio-

419 2198 549 2234 rum
575 2178 783 2234 Israel.
813 2178 977 2234 Iesus
997 2188 1191 2233 autem
1210 2176 1375 2251 filius
1392 2176 1559 2234 Nave
1582 2188 1637 2231 et
1653 2175 1894 2244 Chaleb‚
1917 2176 2033 2231 duo
2054 2177 2155 2231 isti
2179 2194 2253 2231 ea·
2271 2173 2411 2230 duo-

417 2268 601 2324 decim
639 2272 745 2347 qui
783 2268 1305 2325 consideraverant
1346 2281 1591 2337 terram,
1624 2266 2040 2323 consciderunt
2069 2269 2409 2324 vestimenta

415 2381 551 2428 sua,
589 2371 646 2416 et
689 2359 967 2417 dixerunt
1014 2359 1096 2415 ad
1150 2379 1375 2416 omnem
1419 2379 1784 2437 synagogam
1840 2357 2103 2434 filiorum
2156 2357 2351 2442 [sigaei
2389 2377 2408 2415 .·

425 2450 472 2506 T
467 2471 608 2506 erra
638 2470 818 2529 quam
853 2450 1353 2507 consideravimus
1399 2453 1620 2528 optima
1663 2453 1837 2506 nimis
1863 2460 1968 2506 est.
2007 2449 2075 2506 Si
2097 2449 2278 2526 elegit
2305 2468 2409 2505 nos

415 2540 723 2605 Dominus,
754 2539 985 2597 inducet
1007 2562 1113 2598 nos
1142 2546 1200 2597 in
1232 2553 1455 2596 terram
1495 2540 1679 2609 illam,
1708 2553 1762 2596 et
1790 2541 1956 2597 dabit
1986 2539 2152 2595 nobis
2184 2553 2406 2595 terram

410 2632 688 2711 fluentem
718 2632 814 2688 lac
844 2644 900 2688 et
934 2632 1068 2689 mel.
1101 2632 1217 2692 Sed
1233 2653 1330 2689 vos
1354 2654 1392 2688 a
1415 2632 1664 2689 Domino
1692 2632 1870 2688 nolite
1895 2632 2223 2688 desertores
2244 2630 2400 2706 fieri,

415 2736 468 2778 et
496 2722 673 2779 nolite
701 2727 902 2779 timere
918 2722 1200 2803 populum
1226 2737 1423 2779 terrae
1452 2722 1648 2793 huius,
1673 2727 1952 2802 quoniam
1986 2722 2289 2780 devoratio
2320 2736 2407 2778 est

415 2812 551 2870 illis.
583 2813 864 2870 Discessit
894 2818 1045 2871 enim
1074 2827 1297 2891 tempus
1329 2814 1407 2870 ab
1438 2814 1575 2889 illis,
1606 2814 1895 2872 Dominus
1922 2828 2118 2871 autem
2155 2819 2215 2870 in
2241 2812 2407 2870 nobis

415 2916 521 2968 est,
546 2904 722 2961 nolite
737 2909 941 2961 timere
961 2905 1111 2962 illos.
1135 2905 1213 2961 Et
1230 2925 1361 2960 cum
1390 2904 1558 2962 vellet
1574 2926 1671 2962 eos
1681 2904 1937 2984 populus
1953 2905 2246 2983 lapidare,
2271 2917 2407 2960 tunc

413 2995 601 3051 honor
642 2995 756 3052 Dei
780 3000 1062 3074 apparuit
1105 3000 1165 3051 in
1192 2997 1345 3053 nube
1371 3017 1550 3073 super
1582 2995 2033 3053 tabernaculum
2069 2998 2399 3065 testimonii,

414 3085 606 3143 volens
660 3099 974 3163 percutere
1032 3100 1086 3143 et
1152 3100 1451 3143 conterere
1525 3107 1749 3144 omnem
1804 3087 2087 3166 populum
2141 3086 2403 3163 filiorum

410 3176 657 3238 Israel-⁹2.
702 3176 822 3234 Sed
863 3177 1099 3255 Moyses
1137 3177 1367 3257 rogavit
1406 3177 1723 3234 Dominum
1761 3190 1825 3234 ut
1852 3190 2127 3256 parceret
2153 3175 2260 3234 εἰς.
2294 3175 2405 3232 Cui

468 3349 509 3392 1.
541 3349 668 3392 Nun.
692 3350 815 3400 xm,
836 3350 904 3391 24.

466 3406 508 3447 2.
539 3404 610 3448 Id.
633 3405 756 3455 xm,
782 3405 978 3458 33-xlv,
1002 3407 1044 3447 2.

465 3461 508 3502 3.
539 3460 610 3504 ld.
636 3460 897 3517 x1v‚4-1o.

465 3658 487 3698 1
523 3658 759 3700 fructuum
791 3672 838 3702 u.
862 3658 1034 3716 terrae]
1070 3660 1111 3702 fr
1141 3677 1244 3699 *av*
1276 3662 1314 3700 F
1339 3685 1394 3692 —
1422 3662 1447 3702 2
1486 3666 1570 3703 att.
1606 3660 1933 3726 nihilominus]
1967 3678 1991 3700 *
2012 3678 2036 3700 ,ι
2070 3662 2255 3703 ominus
2285 3665 2322 3703 F
2347 3686 2403 3694 —

406 3713 433 3755 3
463 3713 650 3768 plebem
668 3713 780 3771 dic.]
799 3731 823 3753 *
839 3731 862 3752 νε
885 3716 923 3755 F
940 3739 993 3746 —
1011 3714 1156 3772 terra]
1182 3714 1373 3765 eorreoei,
1397 3720 1569 3758 terram
1590 3718 1741 3758 BF—
1758 3718 1783 3758 4
1806 3717 2121 3773 considerare]
2136 3734 2159 3757 *
2182 3720 2283 3758 F·—
2298 3717 2404 3774 illa]

409 3782 497 3823 que
519 3770 559 3810 F
577 3767 667 3824 (est
717 3768 920 3810 rae-misit
934 3770 1012 3826 ΓΒ)
1031 3793 1088 3803 -
1105 3770 1323 3827 comedit]
1349 3771 1607 3813 commodet
1630 3773 1664 3813 F
1684 3771 1794 3828 (...it
1814 3773 1892 3829 ΡΞ)
1917 3797 1967 3805 -
1991 3772 2258 3814 habitantes
2282 3773 2329 3815 in
2354 3788 2401 3814 se

407 3829 452 3865 et
470 3838 509 3865 c.
534 3824 685 3865 omnis
727 3824 921 3866 habitan
945 3842 968 3864 *
988 3842 1012 3863 *
1031 3842 1055 3864 ,ι
1075 3842 1098 3864 *
1119 3842 1143 3864 *
1164 3843 1187 3864 ,ι
1210 3828 1247 3867 F
1268 3849 1317 3858 -
1339 3828 1366 3867 6
1387 3825 1614 3870 immanes
1638 3841 1676 3869 s.
1702 3833 1747 3870 et
1768 3827 1854 3883 ibi]
1882 3845 1905 3867 *
1926 3845 1950 3867 ψ
1971 3845 1994 3867 *
2015 3845 2039 3867 *
2056 3830 2096 3869 F
2115 3853 2171 3859 —-
2190 3830 2216 3869 6
2241 3828 2399 3870 antei.

408 3878 530 3921 sicut
582 3896 693 3918 *ar*
722 3882 834 3920 F—
860 3882 882 3922 7
918 3880 1088 3936 omnis]
1121 3884 1159 3922 B
1192 3882 1249 3922 F2
1281 3895 1440 3924 omnes
1471 3884 1510 3923 F
1534 3906 1589 3914 —-
1620 3896 1722 3937 syn.
1755 3883 1798 3925 d.
1830 3897 1991 3925 vocem
2048 3883 2118 3925 sin
2158 3901 2261 3923 Η*
2292 3886 2401 3926 F·-

406 3935 431 3975 8
456 3934 514 3977 Se
568 3940 612 3977 ef
634 3934 775 3991 mun]
803 3952 825 3974 *
841 3952 865 3974 «κ
883 3952 906 3974 *
929 3941 1232 3978 moraverunt
1252 3938 1289 3976 F
1307 3936 1444 3993 (mur.
1468 3938 1546 3993 F2)
1567 3963 1623 3969 —
1645 3941 1797 3980 Aaron
1830 3952 1991 3981 omnes
2039 3957 2063 3977 ι-
2084 3956 2107 3978 *
2130 3941 2167 3981 F
2190 3962 2239 3971 —-
2262 3941 2288 3981 9
2310 3940 2400 3982 Fa-

406 3989 604 4047 ciamus]
631 4007 655 4029 *
679 4005 783 4032 mus
806 3993 911 4032 F—
933 3992 985 4033 10
1013 3991 1293 4047 Aegyptum]
1319 4006 1407 4047 egy
1432 4009 1455 4030 *
1490 3995 1527 4034 F
1544 4017 1600 4024 -—
1634 3994 1681 4035 11
1714 3995 1878 4036 faciem
1910 3993 2035 4050 ante]
2063 3994 2179 4037 faeie
2210 4012 2233 4034 *
2254 3997 2401 4036 *F—

406 4045 727 4102 conspectum]
756 4049 795 4087 B
821 4047 880 4086 F2
906 4052 1007 4087 ...tu
1041 4049 1079 4087 F
1111 4070 1160 4078 -—
1192 4046 1396 4089 filiorum
1426 4047 1591 4112 Israel]
1630 4048 1753 4090 filior
1782 4067 1847 4088 Η
1872 4052 1911 4090 F
1929 4075 1984 4081 —
2007 4051 2058 4091 12
2078 4051 2207 4092 Iesus
2222 4050 2397 4107 scripsi.

406 4100 564 4143 hiesus
593 4104 633 4142 B
659 4101 818 4142 ihesus
844 4104 882 4142 F
902 4125 958 4133 —
982 4101 1177 4158 Chaleb]
1214 4102 1378 4157 scripsi
1404 4106 1448 4144 et
1471 4103 1679 4152 subinde,
1709 4105 1875 4160 caleph
1902 4109 1940 4147 B
1963 4105 2162 4161 chaleph
2181 4108 2219 4146 F
2236 4130 2293 4139 —
2320 4105 2399 4147 isti

405 4156 477 4213 ex]
502 4156 517 4197 i
540 4172 564 4195 *
581 4172 604 4195 *
624 4159 734 4197 F—
756 4157 806 4198 13
825 4156 922 4213 qui]
943 4157 1039 4199 illis
1056 4156 1293 4213 praemisit
1316 4160 1352 4199 F
1372 4183 1428 4190 --
1445 4157 1875 4217 consideraverant]
1905 4161 2125 4203 ...derant-
2143 4164 2180 4202 F
2197 4160 2401 4218 (...dera-

407 4217 513 4253 rant
538 4211 615 4269 F2)
638 4236 693 4244 —
718 4212 769 4253 14
797 4227 909 4277 syna
949 4213 1105 4269 ogam]
1134 4212 1309 4268 scripsi,
1335 4213 1666 4270 sinagogamB
1694 4217 1751 4256 F2
1783 4215 1996 4271 sigogam
2028 4219 2066 4257 F
2084 4241 2139 4247 —-
2158 4217 2208 4259 15
2233 4217 2395 4274 Terra]

406 4266 598 4308 Terram
614 4268 719 4308 F—
735 4227 947 4324 optima]
961 4268 1135 4322 scripsi,
1160 4269 1335 4310 obtima
1359 4272 1447 4310 BF
1465 4294 1518 4302 —-
1539 4271 1591 4312 16
1613 4270 1845 4312 illam-lac
1868 4272 1930 4327 et]
1959 4289 1983 4311 *
1999 4289 2023 4311 *
2039 4289 2063 4310 *
2081 4289 2104 4310 ιι·
2121 4289 2144 4311 *
2162 4289 2184 4311 α
2202 4289 2224 4310 *
2241 4290 2263 4310 *
2285 4275 2322 4314 F
2344 4296 2400 4305 —

406 4324 455 4364 17
478 4322 714 4364 aDomino
733 4337 777 4365 n.
796 4323 1076 4389 desertores]
1099 4341 1121 4363 *
1139 4341 1162 4363 ,ν
1179 4341 1201 4363 *
1219 4342 1241 4363 ὴ
1262 4327 1298 4366 F
1314 4348 1369 4356 —
1388 4326 1439 4367 18
1457 4326 1491 4367 ti
1517 4343 1539 4365 *
1557 4343 1580 4365 ιν
1597 4344 1620 4365 *
1638 4343 1661 4365 *
1684 4326 1756 4368 ius
1775 4329 1813 4367 F
1828 4351 1882 4358 —
1901 4332 1971 4369 est
1990 4328 2020 4369 i.
2040 4327 2093 4371 D.
2119 4328 2244 4369 enim
2267 4345 2398 4367 *Η*

406 4380 443 4418 F
461 4402 518 4409 —
534 4378 586 4419 19
600 4384 757 4420 autem
777 4379 823 4420 in
843 4394 887 4420 n.
914 4394 953 4420 e.
978 4380 1121 4421 nolite
1146 4396 1167 4418 *
1185 4396 1207 4419 *
1225 4396 1248 4419 *
1265 4396 1287 4419 ἡ
1305 4397 1327 4419 *
1350 4382 1388 4421 F
1409 4404 1458 4412 —
1481 4382 1534 4423 20
1558 4381 1685 4438 illos]
1706 4386 1744 4423 B
1762 4382 1819 4423 F2
1842 4383 1938 4424 illis
1960 4385 1996 4423 F
2012 4407 2068 4414 --
2089 4397 2168 4425 eos
2193 4385 2397 4439 populus

401 4433 633 4491 lapidare]
665 4451 687 4472 *
703 4451 728 4473 *
744 4451 767 4473 *
792 4435 897 4476 ulus
919 4437 958 4476 F
979 4459 1033 4468 —
1067 4435 1114 4476 21
1148 4435 1312 4492 honor]
1350 4436 1492 4478 timor
1525 4438 1581 4478 F2
1612 4460 1667 4468 —-
1697 4451 1822 4493 appa
1842 4455 1864 4476 *
1882 4455 1906 4476 ar
1923 4455 1947 4476 ,ι
1963 4455 1987 4476 *
2032 4438 2338 4480 bernaculum
2363 4442 2400 4480 F

406 4508 461 4520 —·
481 4490 534 4530 22
557 4503 614 4530 vo
637 4506 779 4528 *sen-201
800 4495 976 4532 terrere
998 4493 1036 4532 F
1055 4515 1105 4522 —
1128 4490 1334 4532 filiorum
1356 4492 1389 4533 1.
1417 4492 1527 4548 Sed]
1555 4509 1577 4532 ἡ
1595 4509 1658 4532 *r*
1681 4499 1727 4534 et
1748 4494 1920 4534 F-23
1942 4499 1995 4536 ut
2013 4507 2058 4548 p.
2076 4493 2207 4549 ei8]-*
2225 4511 2288 4533 *a*
2308 4497 2370 4535 F.

2451 2013 2496 2047 10

2449 2467 2494 2503 ¹5

2442 2924 2491 2958 20
