2880 5893
402 2036 448 2072 10

403 2493 448 2528 15

397 2949 448 2985 20

397 3411 448 3448 2³

484 1089 538 1130 42
1152 1092 1500 1137 TRACTATUS
1531 1093 1810 1138 ORIGENIS

484 1193 760 1273 Denique
796 1208 855 1253 et
895 1196 1112 1254 Tobias
1147 1197 1440 1255 mandavit
1477 1198 1700 1258 Tobiae
1736 1199 1859 1256 filio
1899 1220 2005 1256 suo
2042 1211 2105 1257 ut
2132 1220 2205 1257 ex
2239 1199 2332 1257 his
2370 1201 2473 1278 qui

485 1286 665 1343 occisi
695 1286 967 1345 iacebant
1002 1288 1061 1346 in
1093 1288 1221 1346 foro
1249 1288 1532 1367 insepulti
1562 1311 1663 1346 eos
1687 1290 2020 1369 requireret
2046 1292 2148 1370 qui
2177 1304 2377 1349 essent
2401 1313 2474 1349 ex

484 1398 703 1458 genere
722 1400 850 1447 sun,
871 1377 932 1435 id
960 1391 1049 1436 est
1076 1380 1400 1449 israelitae,
1426 1380 1526 1458 qui
1558 1381 1760 1459 utique
1793 1381 1852 1438 in
1882 1381 2011 1460 ipsa
2039 1393 2474 1459 prostratorum

486 1467 864 1526 multitudine
893 1470 1059 1528 nullo
1086 1470 1201 1528 alio
1233 1469 1406 1551 signo
1421 1483 1699 1548 poterant
1718 1493 1894 1549 quam
1918 1472 1992 1529 de
2020 1472 2474 1529 circumcisione

486 1559 790 1638 cognosci.
823 1562 982 1619 Haec
1016 1562 1154 1619 ideo
1183 1561 1438 1620 dicimus
1466 1576 1530 1620 ut
1565 1562 1789 1633 sciatiS,
1830 1562 2203 1621 dilectissimi
2236 1564 2470 1625 fratres.

484 1650 1002 1710 circumcisionem
1029 1654 1265 1734 signum
1294 1675 1424 1712 esse
1451 1655 1714 1733 generiS‚
1747 1676 1863 1711 non
1896 1654 2126 1712 salutis.

563 1744 685 1800 Hae
713 1755 849 1800 sunt
875 1756 992 1801 tres
1013 1766 1222 1802 causae
1251 1746 1468 1824 quibus
1490 1767 1732 1803 necesse
1760 1746 1869 1803 fuit
1892 1745 2217 1803 secundum
2238 1758 2475 1824 tempus

484 1834 768 1911 populum
799 1835 1149 1893 Iudaeorum
1178 1836 1691 1894 circumcisionem
1721 1837 2011 1915 accipere.
2041 1837 2161 1895 Sed
2182 1848 2241 1895 et
2261 1838 2309 1894 si
2330 1838 2475 1895 haec

484 1925 802 2004 multiplex
820 1926 970 1984 ratio
998 1949 1319 2006 corporeae
1340 1927 1835 1998 circumcisioni5‚
1858 1928 1949 1984 vel
1983 1927 2209 2008 figurae
2237 1927 2326 1985 vel
2358 1928 2476 1985 cul-

484 2039 594 2096 pae
615 2017 707 2074 vel
724 2018 985 2099 generiS,
1009 2040 1128 2077 non
1156 2019 1366 2077 fuisset
1389 2031 1650 2088 ostensa,
1675 2019 2067 2077 nihilominus
2098 2020 2476 2078 manifestum

485 2108 660 2166 nobis
677 2130 805 2167 esse
827 2108 1094 2181 deberet,
1116 2132 1504 2190 quaecunque
1534 2133 1707 2168 causa
1736 2110 1946 2168 fuisset
1970 2110 2130 2168 circu
2143 2110 2470 2186 meisioniS,

486 2221 874 2279 quaecunque
904 2201 1114 2272 virtuS,
1155 2202 1555 2281 quodcunque
1588 2202 1965 2272 beneficium,
1996 2214 2187 2259 totum
2224 2202 2387 2259 istud
2415 2201 2477 2259 in

486 2291 830 2372 euangelica
863 2293 1053 2374 gratia
1090 2293 1439 2351 adveniente
1459 2294 1675 2372 Xpisto
1702 2315 1992 2364 cessasse,
2026 2294 2150 2370 qui,
2177 2294 2413 2351 sublato
2442 2315 2473 2350 a

486 2382 820 2440 cervicibus
864 2385 1084 2441 nostris
1131 2384 1497 2443 intolerabili
1546 2386 1696 2465 legis
1739 2385 1880 2467 iugo
1924 2396 1983 2442 et
2017 2398 2474 2462 praeceptorum

486 2495 667 2531 onere
706 2475 1001 2553 deposit0,
1043 2477 1221 2534 aliam
1264 2498 1472 2534 novam
1515 2476 1731 2556 legem,
1785 2497 1905 2534 non
1950 2477 2185 2554 qualem
2232 2475 2480 2534 dederat

484 2565 756 2645 patribus
796 2568 1038 2636 nostriS‚
1072 2567 1346 2625 daturum
1392 2589 1453 2626 se
1485 2589 1615 2625 esse
1659 2589 1768 2646 per
1791 2567 2114 2646 prophetas
2144 2579 2278 2624 ante
2311 2589 2478 2646 prae-

485 2656 716 2713 dixerat
756 2669 813 2715 et
850 2658 1140 2715 facturum
1182 2680 1329 2716 nova
1375 2681 1525 2737 quae
1561 2681 1719 2716 nunc
1762 2658 2059 2717 oriuntur.
2105 2657 2188 2715 Ac
2223 2658 2478 2736 proinde

486 2761 543 2805 et
571 2769 778 2805 novam
805 2749 1323 2807 circumcisionem
1358 2747 1546 2821 dedit,
1571 2750 1711 2807 dum
1740 2772 1949 2807 novam
1970 2749 2164 2831 legem
2194 2749 2475 2806 instituit.

484 2840 629 2896 Nam
672 2861 803 2896 cum
856 2841 912 2897 in
976 2842 1331 2919 baptismate
1374 2853 1533 2899 totus
1586 2842 1764 2898 homo
1822 2841 2284 2898 circumcidatur
2337 2839 2479 2897 dum

487 2932 836 3000 renascitur,
866 2932 1097 2989 sublata
1123 2945 1212 2989 est
1242 2933 1443 3011 utique
1473 2932 1671 3011 portio
1709 2953 1816 3010 per
1835 2945 2047 3002 totum,
2089 2931 2314 3010 quippe
2342 2952 2476 2989 cum

485 3034 543 3079 et
592 3022 828 3080 carnale
873 3045 1075 3080 semen
1120 3024 1394 3082 Abrahae
1435 3022 1494 3080 in
1544 3022 1756 3102 Xpisto
1802 3044 2003 3080 semen
2041 3021 2362 3101 acceperit,
2415 3033 2481 3079 ut

486 3113 700 3200 eifinde
741 3113 856 3171 iam
893 3134 1012 3171 non
1051 3115 1264 3172 semini
1294 3115 1399 3172 sed
1440 3115 1577 3172 fidei
1608 3115 1882 3172 Abrahae
1917 3135 2026 3192 per
2055 3113 2334 3192 Xpistum
2373 3112 2481 3169 filii

484 3216 800 3261 nascantur
843 3227 853 3261 :
894 3206 1029 3284 quia
1060 3207 1278 3262 Potens
1324 3218 1430 3276 est,
1473 3205 1691 3284 inquit,
1721 3207 1883 3263 Deus
1922 3206 1991 3261 de
2018 3205 2314 3283 lapidibus
2353 3207 2482 3261 istis

482 3298 773 3353 suscitare
809 3296 967 3372 filios
1003 3296 1348 3365 Abrahae¹‚
1389 3307 1717 3355 extremum
1754 3296 1933 3375 capiti
1984 3308 2370 3354 connectens·
2406 3297 2480 3352 Et

484 3387 738 3466 proinde
760 3409 1003 3445 necesse
1034 3387 1144 3446 fuit
1171 3400 1235 3445 ut
1259 3387 1607 3467 temporalis
1635 3387 1746 3446 ista
1771 3386 2147 3445 circumcisio
2175 3408 2285 3466 per
2304 3387 2483 3465 Xpis-

540 3570 581 3613 1.
613 3570 737 3612 ΜΛΤ.
761 3570 844 3622 111,
867 3571 908 3613 9.

541 3766 562 3808 1
589 3764 782 3822 Tobias]
808 3764 909 3808 tubi
937 3769 977 3808 F
995 3764 1092 3808 tobi
1115 3766 1180 3806 F8
1206 3789 1252 3798 -
1278 3765 1377 3808 filio
1397 3780 1481 3808 suo
1506 3765 1573 3821 ut]
1600 3781 1697 3806 *aa*
1722 3767 1762 3807 F
1782 3790 1838 3798 --
1854 3768 1880 3809 2
1901 3763 2144 3821 insepulti]
2167 3782 2190 3803 ὴ
2212 3767 2252 3806 F
2269 3789 2324 3796 —
2347 3766 2373 3806 3
2398 3779 2482 3807 suo

483 3820 532 3863 id
547 3822 635 3878 est]
656 3838 679 3860 *
692 3837 716 3860 *
729 3838 752 3860 *
768 3824 804 3862 F
819 3845 873 3853 —-
888 3821 1148 3878 Israelitae]
1165 3822 1340 3879 scripsi,
1357 3821 1598 3873 israhelite
1620 3825 1657 3864 Β
1671 3824 1710 3863 F
1725 3846 1780 3853 —
1809 3826 2152 3877 prostratorum
2212 3834 2291 3862 era
2322 3836 2346 3859 *
2372 3823 2411 3861 F
2429 3845 2482 3851 —

483 3879 511 3919 4
545 3882 762 3934 poterant
794 3877 953 3942 quam]
996 3895 1056 3917 Η
1090 3880 1128 3918 F
1158 3902 1213 3909 —
1246 3881 1270 3919 5
1313 3877 1533 3932 cognosci
1583 3877 1774 3932 agnosci
1815 3880 1854 3918 F
1876 3901 1931 3908 —
1970 3877 2091 3918 Haec
2121 3876 2133 3916 i
2172 3889 2225 3918 eo
2260 3875 2459 3918 dicimus

484 3948 572 3976 om.
595 3936 634 3974 F
653 3956 703 3965 -
728 3949 751 3971 *
772 3932 944 3974 tissimi
967 3936 1005 3974 F
1020 3958 1077 3965 -—
1092 3936 1119 3974 6
1142 3933 1263 3990 esse]
1290 3950 1314 3972 *
1336 3936 1374 3974 F
1392 3957 1444 3965 —
1464 3934 1487 3974 7
1554 3932 1626 3989 ae]
1649 3933 1741 3985 Hec
1762 3934 1869 3973 F—
1889 3931 2004 3988 tres]
2031 3946 2147 3973 eras.
2172 3934 2274 3972 F—
2291 3945 2460 3979 causae

484 4003 572 4031 cau
596 4005 620 4028 ιι
642 3991 744 4029 F—
758 3990 782 4030 8
802 3989 1080 4031 Iudaeorum
1103 4005 1126 4028 *
1185 3989 1369 4031 ulorum
1387 3990 1426 4029 F
1442 4013 1497 4019 -
1514 3987 1647 4045 haec]
1673 3988 1703 4030 h
1723 4004 1747 4027 ψ
1762 3991 1868 4029 F——-
1886 3991 1911 4030 9
1925 3987 2196 4044 corporeae]
2217 3988 2327 4029 BF2
2349 4001 2485 4029 ...rea

482 4047 523 4086 F
539 4069 595 4076 —
617 4044 669 4085 10
685 4043 921 4101 nihilom.]
943 4045 1005 4085 F2
1029 4003 1267 4086 nichilom.
1291 4049 1329 4087 B
1353 4043 1472 4086 nihil
1491 4043 1694 4086 hominis
1711 4046 1750 4084 F
1763 4069 1819 4075 —
1833 4044 1883 4085 13
1898 4042 2127 4099 cessasse]
2145 4042 2364 4085 cessisset
2380 4044 2419 4084 F
2432 4067 2482 4075 —

485 4100 537 4142 14
560 4098 839 4155 cervicibus]
872 4100 986 4142 BF3
1007 4100 1224 4142 cervibus
1246 4103 1284 4141 F
1309 4124 1365 4131 —-
1389 4099 1696 4155 intolerabili]
1721 4102 1760 4140 B
1780 4100 1838 4139 F2
1863 4100 1959 4141 ...le
1985 4102 2024 4140 F
2048 4124 2103 4130 -
2127 4098 2190 4154 et]
2217 4099 2399 4141 Etenim
2424 4100 2482 4140 F2

481 4181 537 4187 —
556 4156 608 4198 15
629 4154 787 4211 onere]
816 4159 853 4197 Β
868 4156 925 4196 F2
950 4154 1126 4197 honore
1148 4158 1188 4196 F
1204 4181 1259 4186 -—
1280 4155 1468 4212 novam]
1494 4169 1612 4197 nove
1633 4158 1672 4196 F
1690 4154 1826 4196 nobis
1849 4153 1977 4197 dedit
1999 4156 2061 4196 F2
2084 4179 2139 4185 --
2161 4156 2214 4196 16
2240 4154 2458 4196 daturum

485 4216 554 4253 set
585 4211 772 4267 qualem
797 4209 1106 4266 praescripsit
1134 4213 1201 4252 F2
1235 4236 1291 4242 —
1313 4216 1419 4253 ante
1441 4210 1755 4267 praedixerat]
1778 4227 1803 4250 -κ
1823 4227 1846 4249 *
1868 4217 2001 4253 xerat
2017 4213 2055 4252 F
2072 4235 2127 4242 —
2145 4209 2195 4252 17
2227 4211 2461 4251 facturum

486 4268 692 4308 facturus
712 4269 750 4308 F
767 4290 823 4297 ——
844 4266 1059 4308 oriuntur
1080 4280 1133 4308 ac
1191 4265 1369 4323 roinde]
1408 4284 1431 4305 *
1448 4283 1470 4305 ιε
1488 4283 1512 4306 *
1541 4269 1580 4307 F
1602 4291 1650 4298 —
1682 4268 1734 4308 18
1764 4266 1827 4323 et]
1850 4272 1901 4307 ut
1925 4270 1975 4317 F,
2001 4266 2046 4308 in
2066 4280 2158 4308 ras.
2193 4266 2261 4307 F2
2280 4289 2330 4297 -
2357 4264 2486 4307 dedit

484 4322 614 4379 dum]
642 4338 667 4361 *
689 4338 713 4361 *
736 4336 814 4364 um
838 4325 876 4363 F
893 4346 947 4354 ——
971 4336 1141 4364 novam
1182 4321 1333 4379 egem]
1358 4327 1397 4364 B
1420 4323 1479 4364 F³
1501 4322 1719 4364 novalem
1740 4324 1779 4362 F
1794 4346 1851 4353 —
1873 4323 1925 4364 19
1946 4320 2249 4377 baptismate]
2278 4337 2302 4361 *
2321 4335 2344 4363 e
2374 4323 2412 4362 F
2428 4345 2484 4353 —

484 4379 537 4419 20
558 4377 839 4434 renascitur]
865 4394 889 4417 ὴ
911 4380 949 4418 F
967 4403 1022 4409 —
1041 4383 1192 4420 totum
1213 4379 1388 4435 quippe
1438 4384 1485 4420 to
1510 4394 1533 4417 *
1551 4394 1573 4417 νε
1596 4380 1635 4419 F
1656 4402 1711 4409 —-
1731 4378 1781 4418 21
1808 4377 1971 4433 Xpisto
1994 4376 2170 4433 semen]
2198 4393 2221 4416 *
2238 4394 2261 4416 *
2283 4378 2322 4417 F
2337 4400 2386 4408 —
2411 4382 2463 4418 ut

482 4435 580 4475 BF2
603 4434 693 4476 Vnt
709 4436 748 4475 F
767 4456 815 4466 —
840 4435 891 4475 22
917 4432 1083 4476 semini
1115 4432 1195 4476 sed
1250 4451 1273 4473 *
1291 4451 1313 4472 ιν
1345 4448 1368 4476 e
1426 4437 1464 4475 F
1481 4458 1537 4465 --
1558 4434 1611 4475 23
1640 4432 1914 4489 nascantur]
1941 4448 2111 4475 nascen
2138 4449 2162 4472 *
2182 4433 2238 4473 F2
2261 4457 2316 4464 —
2337 4432 2461 4474 Deus

484 4491 523 4530 F
542 4488 665 4531 solus
689 4513 739 4521 —
762 4491 816 4532 24
844 4488 952 4531 istis
976 4488 1204 4533 suabitare
1259 4507 1283 4528 *
1304 4506 1327 4528 *
1357 4489 1560 4531 uscitare
1581 4492 1619 4530 F
1637 4513 1692 4520 --
1714 4488 1856 4544 capiti
1887 4487 2183 4544 connectens]
2208 4502 2327 4544 capa
2360 4488 2483 4545 (capi

484 4545 548 4592 ΓΒ
569 4545 733 4607 capaci
753 4548 791 4586 F
798 4544 835 4606 3)
854 4561 878 4584 *
900 4550 1086 4589 nectens
1108 4548 1148 4587 F
1163 4569 1220 4579 —
1238 4548 1291 4592 25
1316 4551 1443 4605 temp
1460 4561 1483 4584 *
1503 4544 1563 4587 lis
1584 4546 1623 4588 F
1640 4569 1694 4577 —
1716 4543 1950 4603 Xpistum]
1977 4544 2088 4590 add.
2112 4547 2150 4585 F
2169 4557 2351 4601 quoque
