2880 5893
455 2051 501 2086 io

459 2506 504 2542 15

456 2965 507 3000 20

531 1106 585 1148 38
1199 1103 1549 1148 TRACTATUS
1580 1102 1859 1148 ORIGENIS

532 1209 825 1289 quidquid
860 1208 1048 1289 figura
1082 1218 1139 1265 et
1167 1207 1460 1287 quidquid
1504 1208 1874 1289 signaculum
1907 1218 1997 1266 est
2038 1208 2112 1265 ad
2147 1206 2299 1265 illud
2335 1208 2530 1285 respi-

532 1300 648 1357 ciat
684 1312 741 1357 et
770 1300 856 1357 illi
892 1298 1142 1356 inferius
1179 1299 1257 1356 sit
1273 1299 1463 1360 .cuius
1509 1312 1607 1357 aut
1641 1298 1828 1380 figura
1866 1310 1965 1356 aut
1998 1297 2372 1378 signaculum
2401 1298 2530 1356 fue-

533 1391 633 1461 rit,
665 1391 797 1469 quis
826 1412 945 1448 non
983 1391 1292 1472 intellegat
1324 1389 1839 1448 circumcisionem
1875 1391 2046 1447 istam
2087 1389 2148 1447 in
2198 1389 2530 1448 imitatione

535 1480 967 1550 similitudinis,
995 1503 1112 1538 non
1157 1480 1216 1538 in
1254 1481 1803 1560 repraesentatione
1842 1480 2132 1551 veritatis,
2163 1480 2533 1538 iniunctam?

541 1572 769 1632 Etenim
795 1573 1092 1631 Abraham
1123 1585 1257 1629 ante
1292 1573 1444 1630 hanc
1474 1572 1992 1631 circumcisionem
2018 1572 2266 1629 credidit
2295 1572 2443 1641 Den,
2479 1586 2535 1630 et

536 1677 871 1742 reputatum
899 1678 986 1721 esc
1006 1668 1063 1721 ei
1088 1664 1173 1721 ad
1205 1666 1489 1721 iustitiam
1518 1664 1561 1722 ¹.
1592 1663 1772 1721 Fides
1802 1684 1947 1743 ergo
1976 1683 2115 1721 vera
2148 1674 2241 1720 est
2280 1675 2338 1721 et
2378 1663 2531 1745 legi-

533 1755 676 1813 tima
716 1754 1115 1823 circumcisi0‚
1170 1766 1235 1812 ut
1276 1754 1354 1812 sit
1404 1754 1505 1812 ille
1567 1754 1778 1812 merito
1821 1753 2213 1812 circumcisus
2257 1753 2360 1832 qui
2403 1756 2531 1812 Deo

538 1844 817 1919 credidit,
856 1845 957 1904 ille
993 1865 1133 1902 vero
1177 1844 1238 1903 in
1287 1846 1476 1925 figura
1525 1845 1601 1902 sit
1648 1843 2036 1904 circumcisus
2090 1843 2193 1922 qui
2240 1842 2533 1903 iacturam

537 1935 809 2016 bipertiti
836 1936 1108 2015 corporis
1137 1936 1420 2015 suscepit.
1458 1939 1525 1994 In
1560 1937 1674 1994 hoc
1707 1946 1938 1993 tantum
1972 1936 2249 1994 Abrahae
2285 1946 2345 1993 et
2388 1958 2532 2015 pos-

536 2029 684 2087 teris
712 2029 838 2087 eius
872 2027 1007 2086 data
1043 2040 1134 2086 est
1163 2027 1539 2085 circumcisio
1569 2039 1653 2097 ut,
1696 2027 1835 2085 dum
1873 2027 2059 2106 figura
2090 2027 2307 2085 honori
2344 2027 2529 2085 susci-

540 2121 724 2200 pitur,
764 2119 912 2176 fides
956 2141 1107 2199 quae
1148 2118 1364 2176 veritas
1410 2132 1499 2176 est
1538 2119 1850 2176 inlustrior
1895 2119 2240 2176 haberetur.
2283 2120 2354 2176 Et
2396 2114 2535 2177 ideo

539 2211 862 2291 praemissa
913 2222 1002 2268 est
1054 2209 1429 2268 circumcisio
1486 2213 1599 2267 ista
1652 2209 1938 2285 carnalis,
1988 2209 2227 2267 dicente
2272 2209 2531 2268 Domino

540 2302 613 2360 ad
640 2302 941 2360 Abraham
982 2327 994 2359 ε
1032 2302 1499 2360 Circumcidetur
1517 2324 1660 2359 caro
1675 2305 1986 2380 praeputii
2013 2303 2210 2372 vestri,
2238 2316 2293 2359 et
2319 2305 2432 2360 erit
2473 2306 2536 2360 in

539 2398 773 2474 signnm
811 2398 1145 2451 testamenti
1176 2398 1328 2451 inter
1354 2414 1444 2450 me
1495 2407 1551 2451 ec
1586 2415 1703 2450 vos.

624 2485 743 2542 Sed
782 2485 918 2563 quia
966 2485 1079 2542 iam
1135 2484 1445 2542 definitum
1527 2495 1580 2542 st
1634 2483 2150 2542 circumcisionem
2210 2483 2358 2542 illud
2404 2505 2536 2542 esse

542 2598 660 2656 quo
690 2574 1098 2634 circumducto
1128 2576 1284 2634 ferro
1314 2597 1456 2653 corp
1534 2575 1554 2634 i
1590 2575 1818 2654 aliquid
1855 2587 2194 2654 amputatur
2239 2575 2401 2654 quod
2439 2588 2539 2634 aut

545 2668 720 2726 saluti
741 2666 923 2725 officit
951 2678 1049 2725 aut
1068 2668 1307 2746 pudori,
1325 2667 1386 2725 id
1411 2673 1604 2733 autem
1624 2666 1800 2725 saluti
1812 2665 1996 2725 officit
2016 2666 2312 2745 quidquid
2328 2677 2535 2725 contra

542 2760 733 2838 ipsam
753 2758 1226 2837 deprehenditur
1251 2780 1320 2815 ex
1349 2758 1492 2816 vitio
1513 2746 1761 2829 morum,
1786 2779 1905 2815 non
1922 2779 1994 2815 ex
2013 2771 2243 2829 natura,
2271 2757 2532 2817 venisse.

545 2851 718 2924 Quod
748 2850 797 2908 si
826 2852 902 2909 ita
931 2861 1042 2922 est,
1067 2871 1186 2907 non
1208 2850 1349 2907 alibi
1374 2831 1633 2928 pravitas
1654 2862 1711 2907 et
1736 2849 2027 2907 vitiositas
2047 2848 2308 2906 hominis
2331 2849 2448 2908 nisi
2476 2851 2539 2909 in

545 2941 741 2999 animo
765 2954 877 3013 est,
902 2954 959 2999 et
987 2964 1057 2998 ex
1078 2941 1259 2999 corde
1279 2941 1637 3020 amputanda
1667 2940 1822 2998 unde
1849 2940 1995 2998 dicit
2024 2940 2314 2998 Dominus
2339 2942 2538 3000 omnia

543 3035 990 3112 inquinamenta
1027 3033 1406 3112 procedere2.
1448 3032 1838 3092 Circumcisio
1871 3032 1972 3090 illa
2008 3052 2141 3090 vera
2177 3044 2353 3110 atque
2390 3033 2538 3114 legi-

543 3124 684 3182 tima
712 3147 1002 3203 nusquam
1033 3124 1176 3182 alibi
1204 3124 1320 3182 nisi
1353 3123 1412 3181 in
1450 3123 1630 3182 corde
1661 3136 1750 3181 est
1780 3123 2054 3181 habenda
2074 3170 2087 3193 ,
2120 3135 2186 3182 ut
2211 3124 2370 3182 unde
2397 3123 2542 3182 vitia

547 3228 756 3274 cuncta
780 3217 1116 3294 procedunt
1144 3227 1202 3274 et
1226 3228 1443 3273 exeunt
1470 3215 1554 3273 ibi
1584 3214 2059 3273 circumcisionis
2085 3216 2313 3274 medela
2341 3236 2540 3294 praes-

545 3319 725 3366 tetur.
752 3308 915 3380 Quae
941 3306 1316 3364 circumcisio
1338 3307 1488 3364 nihil
1513 3306 1744 3364 homini
1768 3306 2040 3388 derogat,
2065 3307 2170 3364 sed
2192 3307 2403 3379 errori,
2428 3328 2542 3364 nec

602 3490 642 3531 1.
677 3488 796 3532 Gim.
817 3489 909 3539 XV,
936 3490 976 3531 6.

602 3546 644 3587 2.
675 3545 799 3588 ΜΑΤ.
826 3545 916 3595 XV,
937 3544 1004 3587 13.

602 3722 625 3764 1
652 3722 947 3777 signaculum
993 3738 1017 3761 *
1040 3721 1228 3764 aculum
1244 3724 1284 3763 F
1295 3746 1352 3754 —
1368 3720 1497 3778 respi
1518 3737 1544 3761 π
1561 3722 1601 3762 F
1617 3743 1673 3754 -—
1686 3721 1711 3763 2
1734 3726 1817 3763 aut
1835 3720 1991 3777 figura
2011 3719 2142 3777 autJ*
2157 3719 2312 3776 figura
2325 3733 2387 3763 au
2407 3737 2433 3761 ,ι-
2446 3723 2546 3764 F—

547 3781 572 3821 3
594 3778 855 3834 intellegat]
886 3793 910 3817 *
930 3778 947 3818 l
970 3783 1078 3842 egat
1105 3779 1145 3818 F
1166 3777 1401 3833 intelligat
1419 3780 1459 3819 Β
1487 3801 1543 3810 -
1559 3775 1839 3842 imitatione]
1860 3776 1994 3842 imita
2008 3793 2032 3816 π
2055 3776 2161 3842 ione
2177 3778 2218 3818 F
2233 3776 2547 3842 imitatatione

548 3839 587 3878 Β
618 3838 661 3875 et
691 3848 806 3875 corr.
822 3858 878 3866 -
894 3834 922 3874 4
946 3833 1204 3875 iniunctam
1249 3837 1286 3875 Β
1306 3834 1370 3874 F2
1398 3838 1498 3875 ...ta
1525 3834 1631 3874 F—
1653 3835 1677 3874 5
1701 3832 2122 3889 circumcisionem]
2147 3846 2405 3889 imaginem
2432 3835 2473 3874 F
2491 3858 2549 3867 —-

548 3892 574 3933 6
592 3889 817 3946 reputat]
843 3889 1050 3945 deputat.
1067 3891 1107 3930 F
1119 3914 1175 3922 —
1229 3888 1348 3946 ides]
1374 3892 1412 3930 B
1434 3889 1492 3930 F³
1514 3888 1621 3931 fidis
1639 3891 1677 3930 F
1690 3889 1778 3930 -7
1803 3887 1866 3930 sit
1885 3888 1982 3945 ille]
1999 3891 2103 3945 post
2123 3888 2432 3931 circumcisus
2451 3891 2491 3930 F
2505 3893 2550 3931 et

550 3946 661 3989 add.
684 3945 812 3987 solus
833 3970 889 3978 -
909 3945 1009 4002 qui]
1075 3944 1240 4001 uisque
1272 3948 1311 3986 F
1327 3969 1384 3977 -
1405 3945 1458 3986 10
1479 3944 1772 3986 circumcisio
1817 3959 1901 3986 om,
1934 3946 1973 3985 F
1989 3968 2045 3976 --
2066 3944 2114 3985 11
2138 3944 2335 4002 veritas]
2358 3945 2547 3996 conieci,

548 4016 663 4068 vera
679 4005 718 4043 B
734 4003 774 4042 F
790 4025 844 4087 8—
862 3960 1072 4058 inlustri}
1089 4003 1135 4066 ‘F
1158 4001 1333 4043 illustr.
1359 4004 1411 4066 Β·
1427 4025 1482 4033 --
1509 3999 1763 4042 haberetur
1805 4003 1844 4042 Β
1864 4000 1931 4041 F3
1957 4005 2178 4065 ...meatur
2206 4001 2246 4042 F
2260 4023 2317 4033 --
2337 4001 2391 4042 12
2403 4014 2549 4056 prae-

548 4055 2488 4169 2³3¹3222151uss3³32513z⁵325¹3{qaifflass‘ifzt{zaffffissffsssffifflJssztlsszj
2506 4059 2553 4154 ²}

551 4168 799 4234 diffinitum
827 4172 867 4209 Β
886 4192 943 4200 -
969 4168 1020 4209 16
1043 4166 1153 4224 quo]
1221 4182 1281 4209 ua
1310 4170 1348 4209 F
1372 4166 1496 4223 quod
1518 4168 1583 4208 F2
1606 4192 1661 4198 —
1690 4165 2028 4264 circumducto}
2053 4166 2408 4233 circumciditur
2435 4170 2475 4209 F
2490 4192 2548 4201 —

551 4222 1998 4345 232255515315123123222245{zaffssziij’itss-52²3
2024 4221 2410 4321 Zssffli‘tiflfc:
2425 4224 2551 4321 :11:ss

551 4335 1460 4448 {gasaiwanaama
1473 4336 1791 4445 Qum
1809 4338 1854 4429 εἴ
1870 4333 2546 4456 sistimus&

553 4449 607 4491 22
622 4446 671 4488 in
691 4464 716 4487 *
733 4446 951 4489 habenda
969 4453 1040 4488 est
1060 4448 1100 4488 F
1116 4471 1172 4478 -
1194 4445 1262 4503 ut]
1288 4448 1327 4487 F
1344 4451 1389 4488 et
1406 4449 1445 4488 B
1466 4471 1521 4479 —
1538 4445 1679 4503 unde]
1707 4445 1817 4487 add.
1842 4444 2054 4502 pravitas
2074 4450 2120 4488 et
2139 4448 2178 4488 F
2196 4470 2253 4478 —
2273 4444 2407 4503 vitia]
2429 4446 2542 4488 add.

552 4506 590 4544 F
608 4508 659 4599 eet1
675 4502 873 4600 elil-impipa
897 4527 953 4536 —
977 4503 1030 4544 23
1060 4501 1236 4544 circum
1256 4518 1280 4541 ιε
1303 4501 1406 4544 onis
1429 4503 1468 4543 F
1483 4527 1540 4536 -
1560 4503 1615 4544 24
1638 4501 1836 4558 homini]
1867 4517 1891 4541 ιν
1914 4499 2057 4543 omini
2084 4503 2123 4544 F
2149 4527 2204 4534 —
2225 4501 2426 4559 medela]
2449 4505 2489 4544 Β
2510 4503 2551 4545 F

554 4573 627 4601 me
662 4573 685 4601 e
725 4572 754 4601 a
