2880 5893
553 1075 636 1117 206
1219 1074 1570 1133 TRACTATUS
1601 1074 1883 1119 ORIGENIS

553 1179 756 1237 vident
803 1201 814 1236 :
870 1178 971 1235 lux
1025 1191 1117 1235 est
1159 1179 1340 1239 enim.
1395 1180 1694 1238 Mutorum
1742 1200 1843 1236 ora
1890 1177 2187 1259 contingit
2238 1190 2297 1236 et
2347 1179 2546 1237 statim

554 1270 880 1349 loquuntur
927 1294 939 1327 ε
981 1271 1227 1327 verbum
1277 1282 1368 1327 est
1414 1270 1595 1327 enim.
1642 1270 1974 1328 Surdorum
2017 1291 2188 1328 aures
2233 1270 2447 1351 tangit,
2492 1281 2552 1328 et

554 1361 803 1418 audiunt
844 1361 972 1418 sine
1014 1382 1174 1418 mora
1208 1383 1221 1417 :
1257 1381 1371 1418 vox
1409 1373 1500 1418 est
1543 1360 1723 1418 enim.
1770 1361 2026 1419 Claudos
2063 1360 2337 1418 similiter
2374 1382 2549 1418 manu

553 1452 775 1531 palpat,
816 1464 876 1509 et
899 1464 1147 1509 currunt
1178 1475 1191 1513 ε
1222 1453 1316 1510 via
1350 1464 1442 1509 est
1474 1450 1655 1509 enim.
1697 1452 1814 1510 Sed
1861 1472 2035 1510 omne
2075 1451 2319 1510 omnino
2360 1473 2551 1533 genus

492 1564 517 1599 5
552 1542 956 1601 valetudinum
1012 1543 1251 1623 attingit
1299 1555 1357 1601 et
1399 1555 1566 1600 curat
1624 1567 1637 1599 ι
1703 1542 1923 1601 sanitas
1989 1554 2080 1601 est
2138 1544 2319 1601 enim.
2394 1545 2551 1602 Reos

552 1632 806 1691 absolvit
833 1632 1212 1692 :innocentia
1245 1646 1333 1690 est
1365 1633 1545 1690 enim.
1577 1632 1947 1691 Delictorum
1975 1632 2317 1692 servitutem
2348 1656 2551 1692 manu-

555 1724 735 1782 mittit
772 1749 783 1782 :
820 1725 1064 1783 libertas
1108 1736 1199 1782 est
1236 1723 1417 1781 enim.
1462 1725 1554 1782 Ab
1599 1723 1807 1782 inferis
1850 1724 2083 1783 reducit
2127 1748 2138 1782 :
2185 1724 2547 1783 resurrectio

554 1827 645 1874 est
676 1815 854 1873 enim.
895 1819 961 1874 In
989 1815 1217 1874 caelum
1244 1815 1518 1894 provehit
1559 1839 1571 1872 :
1604 1837 1708 1872 rex
1743 1827 1833 1872 est
1864 1815 2046 1876 enirn.
2078 1817 2350 1874 Mortuos
2391 1815 2547 1874 exci-

552 1919 639 1965 tat
682 1930 693 1964 :
740 1908 864 1965 vita
915 1919 1007 1965 est
1053 1906 1232 1965 enim.
1283 1909 1377 1975 Et,
1428 1918 1492 1964 ut
1538 1905 1798 1965 breviter
1846 1905 2060 1976 dicam,
2110 1905 2171 1965 id
2219 1906 2416 1985 ipsum
2461 1919 2554 1965 est

472 2018 517 2054 ιο
556 1999 847 2079 quidquid
897 1998 1057 2072 facit,
1104 2020 1213 2056 nec
1253 1997 1459 2056 deficit
1499 1997 1561 2055 iu
1600 2018 1805 2076 opere,
1853 1997 1902 2055 si
1947 2020 2066 2056 non
2118 2009 2254 2056 ante
2296 1999 2361 2055 id
2399 2020 2551 2076 opus

556 2089 716 2169 quod
751 2090 1008 2147 facturus
1044 2102 1136 2147 est
1169 2088 1299 2168 ipse
1327 2089 1493 2167 prius
1522 2088 1703 2146 fuerit
1736 2088 1795 2145 in
1834 2089 2202 2147 substantiae
2230 2101 2547 2167 potestate.

557 2182 874 2250 Sacerdos,
907 2180 1171 2259 inquam,
1206 2182 1303 2238 hic
1341 2192 1543 2238 noster
1579 2201 1689 2259 pro
1725 2180 1912 2238 salute
1946 2202 2064 2238 non
2094 2180 2269 2239 unius
2298 2180 2551 2239 alicuius

555 2271 812 2329 hominis
866 2283 964 2329 aut
1013 2271 1277 2352 generiS,
1338 2270 1443 2328 sed
1482 2292 1592 2350 pro
1642 2282 1768 2329 toto
1822 2271 2064 2343 mundo,
2117 2293 2236 2330 non
2284 2271 2552 2351 opimum

555 2363 772 2421 animal
800 2361 1043 2440 aliquod
1074 2363 1312 2434 obtulit,
1347 2374 1408 2419 ut
1444 2362 1739 2420 faciebant
1772 2374 2004 2421 veteres
2042 2363 2407 2433 sacerdoteS,
2446 2363 2553 2421 sed

473 2473 519 2509 15
558 2454 942 2532 semetipsum
1003 2453 1064 2510 in
1123 2453 1415 2510 sacrificio
1462 2452 1651 2525 dedit,
1707 2453 1849 2511 dum
1910 2453 2069 2511 velut
2134 2454 2356 2534 agnus¹
2424 2455 2554 2511 sine

558 2545 777 2603 malitia
820 2545 978 2622 apud
1022 2544 1382 2602 Hieremiam
1435 2542 1671 2601 ducitur
1718 2557 1779 2602 ut
1818 2544 2207 2616 sacrificetur,
2259 2545 2354 2602 vel
2409 2545 2554 2603 dum

558 2638 710 2694 sicut
756 2635 921 2694 ovis2
954 2636 1111 2714 apud
1151 2637 1362 2693 Isaiam
1400 2635 1475 2692 ad
1507 2634 1939 2715 iugulationem
1976 2636 2202 2714 rapitur
2239 2646 2305 2694 ut
2339 2637 2553 2693 immo-

557 2729 733 2797 letur,
775 2728 867 2785 vel
894 2727 1032 2784 dum
1062 2726 1216 2784 sicut
1240 2725 1499 2783 vitulus³
1538 2726 1601 2783 in
1634 2727 1947 2806 euangelio
1972 2748 2082 2805 pro
2105 2749 2394 2785 converso
2429 2727 2556 2785 filio

559 2829 845 2877 mactatur
874 2831 936 2877 ut
966 2818 1193 2876 laetitia
1220 2830 1620 2895 comparetur.
1650 2820 1821 2877 Unde
1858 2820 1972 2876 iam
1998 2819 2308 2877 aestimare
2345 2841 2556 2899 possu-

471 2929 521 2965 πο
561 2932 688 2968 mus
725 2932 798 2967 an
835 2910 1091 2968 litaverit
1125 2908 1377 2988 aliquid,
1418 2909 1655 2989 quando
1691 2909 1821 2987 ipse
1858 2908 1960 2989 qui
1993 2908 2283 2969 offerebat
2317 2912 2556 2969 oblatus

559 3013 669 3059 est.
720 3002 840 3059 Sed
892 3001 1028 3080 quia
1074 2999 1188 3058 iam
1245 3000 1319 3058 de
1365 3000 1774 3058 maiestatibus
1818 3012 1877 3057 et
1921 3000 2241 3059 virtutibus
2289 3002 2556 3061 breviter

562 3093 909 3162 scatinantes
938 3092 1121 3149 locuti
1151 3114 1376 3163 sumus,
1416 3092 1593 3149 finem
1631 3092 1705 3149 de
1739 3092 1851 3148 hac
1880 3113 1943 3149 re
1983 3091 2285 3151 faciamus,

614 3280 654 3322 1.
688 3280 786 3323 Ilm.
811 3279 974 3328 xl,19.

614 3337 653 3377 2.
687 3335 749 3378 Is.
776 3335 896 3385 LIII,
925 3337 964 3376 7.

613 3393 656 3434 3.
688 3392 801 3434 Luc.
827 3390 917 3441 XV,
938 3392 1008 3433 23.

616 3566 638 3608 1
662 3565 823 3607 vident
843 3566 923 3606 lux
936 3564 1024 3622 est]
1044 3563 1123 3606 vid
1139 3579 1162 3603 *
1179 3580 1202 3603 α
1218 3579 1241 3603 *
1264 3566 1300 3605 F
1317 3588 1373 3595 —
1389 3562 1639 3620 contingit]
1658 3566 1922 3620 contegetB
1934 3588 1990 3595 —
2004 3570 2076 3606 eta
2092 3580 2115 3603 *
2132 3581 2155 3604 ἡ
2170 3570 2247 3607 tur
2258 3568 2361 3607 F—
2374 3567 2400 3607 2
2415 3579 2555 3608 aures

561 3620 733 3677 tangit]
759 3635 786 3663 a
802 3637 825 3659 *
845 3636 869 3659 *
890 3622 930 3662 F
952 3644 1002 3652 —
1024 3621 1050 3661 3
1074 3619 1276 3662 claudos
1303 3619 1538 3676 similiter]
1556 3635 1580 3659 ιε
1594 3635 1619 3659 *
1634 3618 1808 3661 militer
1828 3621 1868 3661 F
1883 3642 1939 3651 —
1961 3620 2121 3677 manu]
2145 3621 2337 3672 correxi,
2362 3635 2556 3663 manum

561 3679 601 3718 B
617 3679 655 3718 F
692 3700 745 3707 —
779 3678 805 3717 4
839 3675 916 3717 via
958 3680 1029 3717 est
1075 3674 1218 3731 enim]
1236 3692 1261 3714 ὴ
1276 3690 1300 3714 *
1315 3691 1340 3715 ιε
1370 3676 1410 3716 F
1443 3698 1499 3707 —
1535 3678 1559 3716 5
1590 3674 1931 3772 valetudinum?
1966 3674 2143 3731 scripsi,
2186 3675 2317 3718 valit.
2367 3679 2407 3718 B
2425 3678 2466 3718 F
2502 3699 2557 3708 -

561 3731 765 3787 adtingit
795 3730 858 3787 et]
889 3746 952 3770 Η
973 3733 1013 3772 F
1044 3755 1100 3763 —
1132 3729 1419 3787 Reos-enim]
1455 3745 1541 3772 om.
1572 3732 1612 3771 B
1638 3753 1696 3762 —
1727 3732 1755 3771 6
1788 3730 1905 3772 abso
1927 3730 1996 3773 vit
2035 3730 2323 3787 innocencia]
2363 3731 2554 3782 conieci,

563 3787 737 3829 absol*
754 3804 777 3825 *
793 3786 951 3827 cencio
972 3789 1010 3827 F
1018 3811 1074 3818 —-
1091 3786 1381 3841 servitutem]
1402 3785 1592 3839 correxi,
1617 3785 1842 3828 servitute
1862 3789 1900 3827 B
1924 3785 2122 3828 servient
2138 3802 2163 3826 ιι·
2184 3789 2224 3829 F
2236 3811 2291 3818 —
2309 3786 2557 3829 manumit-

565 3842 641 3900 tit]
677 3841 863 3891 conieci,
900 3856 1092 3883 manum
1125 3841 1269 3883 mittit
1296 3843 1336 3882 B
1362 3857 1387 3880 ιν
1411 3841 1554 3882 mittit
1587 3843 1626 3882 F
1652 3864 1710 3873 —
1738 3843 1761 3882 7
1794 3841 1960 3882 inferis
1990 3841 2188 3899 reducit]
2216 3841 2473 3884 infer**F
2500 3842 2558 3874 ...2

562 3900 588 3940 8
609 3898 809 3954 caelum]
831 3898 956 3939 celos
978 3900 1079 3938 F—
1092 3911 1172 3938 rex
1189 3902 1262 3939 est
1278 3895 1420 3953 enim]
1439 3913 1463 3935 ιιι
1478 3913 1503 3935 *
1521 3913 1545 3936 *
1558 3898 1659 3938 F—
1674 3896 1724 3938 11
1747 3897 1973 3953 facturus]
1996 3897 2179 3939 futurus
2194 3900 2298 3938 F—
2311 3898 2362 3940 15
2383 3904 2554 3941 semet-

561 3953 737 4010 ipsum]
764 3970 787 3992 *
813 3967 858 3994 m
891 3956 928 3994 F
956 3976 1012 3985 —-
1041 3953 1186 4009 velut]
1211 3954 1378 3994 Fvero
1400 3954 1439 3993 B
1466 3975 1523 3983 —
1552 3951 1669 4008 sine]
1693 3969 1716 3991 *
1738 3954 1777 3994 F
1797 3976 1855 3985 —
1883 3953 1936 3994 16
1962 3952 2165 4050 ducitur-¹]
2193 3955 2231 3994 F
2249 3953 2421 3995 dicitur
2441 3956 2481 3995 B
2501 3977 2558 3986 -

564 4009 685 4051 sacri
703 4026 726 4048 *
742 4023 798 4050 ur
819 4011 926 4050 F—
948 4009 999 4050 17
1023 4008 1143 4063 ovis]
1169 4007 1353 4057 conieci,
1374 4007 1479 4062 quis
1499 4009 1539 4049 B
1554 4010 1591 4049 F
1608 4007 1731 4049 —iu
1749 4025 1774 4047 νε
1793 4008 1977 4049 cionem
2001 4009 2041 4049 F
2057 4032 2113 4040 —
2166 4010 2191 4050 8
2212 4008 2413 4066 vitulus]
2436 4025 2461 4049 *
2481 4009 2555 4050 lua

562 4067 601 4106 F
627 4089 679 4096 —-
713 4065 766 4106 19
795 4064 993 4120 laetitia]
1023 4063 1066 4104 le
1089 4080 1112 4102 *
1138 4065 1177 4105 F
1197 4087 1250 4095 -—
1281 4065 1334 4105 20
1360 4062 1586 4118 litaverit]
1615 4062 1834 4105 letaberit
1858 4065 1897 4105 F
1921 4087 1971 4095 -
1994 4062 2237 4120 offerebat]
2264 4081 2289 4103 ψ
2316 4064 2425 4106 ebat
2446 4067 2558 4106 F—

561 4121 611 4162 21
636 4119 711 4176 de]
738 4119 940 4175 supplevi
960 4144 1014 4151 --
1035 4117 1381 4175 maiestatibus]
1410 4132 1484 4159 ma
1504 4135 1527 4157 *
1546 4121 1583 4160 F
1601 4142 1657 4150 --
1677 4120 1730 4161 22
1759 4119 2050 4176 festinantes]
2079 4120 2279 4161 festinan
2298 4136 2322 4158 *
2340 4121 2379 4161 F
