2880 5893
1163 1090 1511 1136 TRACTATUS
1543 1090 1579 1134 Χ
2281 1087 2362 1130 105

1314 1554 1446 1665 [Χ]

458 1988 537 2045 Et
579 1988 807 2044 locutus
850 1999 934 2043 est
970 1986 1261 2042 Dominus
1299 1985 1380 2041 ad
1418 1984 1664 2060 Moysen
1698 1983 1895 2040 dicens
1931 2004 1949 2040 .·
1986 1983 2250 2063 Loquere
2289 1983 2373 2039 ad

378 2079 586 2136 Aaron
618 2093 672 2136 et
697 2079 854 2135 dices
881 2079 964 2135 ad
995 2098 1127 2134 eum
1151 2098 1169 2133 .·
1215 2077 1402 2133 Homo
1439 2079 1791 2156 quicumque
1826 2076 2016 2152 offert,
2049 2074 2369 2131 seeundum

380 2191 605 2228 omnem
636 2173 1082 2249 promissionem
1117 2189 1292 2224 suam
1332 2182 1388 2224 et
1421 2166 1743 2223 secundum
1781 2187 2006 2223 omnem
2036 2166 2369 2223 electionem

380 2284 575 2330 suam,
604 2260 969 2337 sacrificium
996 2260 1267 2316 salutare
1296 2259 1547 2315 Domino
1567 2257 1607 2314 ¹.

465 2353 601 2410 Scio
650 2351 913 2430 quidem,
963 2349 1340 2407 dilectissimi
1394 2349 1636 2421 fratres,
1685 2369 2112 2426 saepenumero
2148 2347 2221 2405 de
2257 2349 2371 2405 hoc

381 2442 775 2501 Leviticorum
806 2442 963 2500 libro
1002 2462 1091 2498 me
1117 2452 1427 2509 tractasse,
1465 2452 1522 2497 et
1544 2440 1756 2497 arduas
1786 2461 1939 2518 pene
1963 2451 2021 2496 et
2052 2437 2372 2495 inextrica-

381 2533 535 2590 biles
572 2532 973 2613 quaestiones,
1015 2544 1077 2589 ut
1113 2531 1279 2610 potui
1316 2542 1396 2602 et,
1443 2543 1610 2609 pute,
1656 2542 1718 2588 ut
1746 2530 1949 2599 debui,
1983 2528 2214 2587 caritati
2242 2550 2374 2587 ves·

381 2637 508 2682 trae
540 2624 916 2681 disseruisse.
967 2624 1086 2681 Sed
1131 2635 1190 2679 et
1235 2645 1390 2680 nunc
1431 2622 1609 2679 lectio
1646 2644 1795 2702 quae
1837 2621 2080 2680 recitata
2125 2633 2213 2678 est
2256 2633 2375 2678 tam

387 2716 599 2774 multas
641 2716 822 2773 habet
869 2715 1276 2794 quaestioneS,
1331 2725 1449 2771 tam
1498 2714 1817 2792 implicitas
1866 2713 2260 2769 obscuritates
2311 2724 2377 2769 ut

384 2809 481 2865 vix
521 2806 677 2865 acies
722 2807 937 2863 mentis
978 2805 1038 2862 in
1100 2827 1299 2862 rerum
1348 2818 1578 2862 secreta
1612 2804 1868 2885 dimergi
1917 2816 2114 2883 queat,
2166 2816 2224 2861 et
2279 2804 2378 2860 vix

388 2899 605 2956 intueri
647 2908 705 2956 et
747 2898 1094 2976 prospicere
1135 2899 1452 2954 verborum
1499 2895 1847 2954 altitudines
1899 2896 2091 2974 possit
2137 2894 2377 2952 cavilla-

385 2990 697 3068 tionesque
741 2988 1036 3046 dictorum
1091 2988 1402 3046 advertere
1443 3011 1454 3045 :
1499 2987 1579 3045 ita
1618 2987 1774 3045 enim
1825 2987 2057 3067 singula
2106 3007 2377 3065 quaeque

388 3081 706 3160 allegoriae
757 3078 1186 3160 integumentis
1252 3079 1531 3136 obvoluta
1598 3090 1757 3148 sunt,
1828 3077 1907 3135 ita
1977 3078 2377 3156 aenigmatum

389 3171 594 3228 nubilo
622 3171 937 3229 obscurata
974 3181 1039 3228 ut
1072 3170 1342 3250 intellegi
1371 3169 1774 3248 explicarique
1802 3169 1899 3225 vix
1938 3180 2178 3247 queant.
2218 3168 2377 3226 Atta·

392 3283 523 3320 men
555 3283 667 3343 ego
695 3283 815 3319 non
842 3261 1071 3341 ingenii
1108 3261 1246 3332 mei,
1279 3260 1385 3318 sed
1406 3260 1639 3318 divinae
1674 3259 2127 3340 pollicitationis
2163 3258 2378 3316 fiducia

391 3355 597 3424 fretuS,
658 3375 769 3433 qua
823 3352 1020 3411 dicit:
1063 3355 1244 3412 Petite
1294 3368 1348 3411 et
1405 3356 1728 3432 accipietis,
1778 3356 1939 3409 omni
1975 3355 2124 3410 enim
2160 3355 2384 3431 petenti

447 3563 487 3604 1.
522 3562 633 3606 Luv.
659 3562 794 3613 xxn,
820 3562 971 3606 17-21.

449 3810 474 3850 2
516 3809 590 3906 Et]
628 3814 648 3850 t
684 3812 740 3860 B,
784 3809 958 3852 initiali
998 3809 1152 3850 littera
1230 3809 1519 3852 meter-missa
1567 3814 1617 3851 ut
1656 3825 1754 3866 sup.
1790 3809 2048 3852 Praemittit
2083 3813 2122 3852 F
2140 3828 2164 3850 «κ
2193 3827 2217 3850 *
2242 3812 2382 3855 lBRO

394 3865 567 3908 LEvlT
595 3865 713 3907 CVM
747 3865 916 3908 uncial.
949 3865 1072 3907 rubr.
1114 3889 1170 3897 -
1236 3870 1255 3906 t
1284 3866 1315 3908 l.
1352 3871 1423 3907 est
1456 3865 1699 3922 Dominus]
1723 3883 1786 3905 *re
1806 3882 1869 3906 *r*
1904 3881 1992 3909 nus
2019 3868 2057 3907 F
2081 3892 2137 3899 —-
2166 3867 2225 3909 ad
2257 3870 2307 3910 Α.
2339 3873 2386 3910 et

394 3921 538 3977 dices]
565 3937 589 3960 ψ(
613 3937 637 3960 *
662 3937 685 3960 ιι
710 3937 733 3960 *
756 3936 805 3962 es
827 3923 935 3962 F—
955 3923 981 3962 4
1004 3921 1259 3962 secundum
1283 3936 1325 3963 o.
1347 3921 1727 3978 promissionem]
1750 3939 1773 3961 *
1798 3938 1821 3961 *
1842 3939 1865 3961 *
1888 3922 2108 3964 issionem
2132 3925 2170 3963 F
2185 3948 2242 3955 —
2262 3924 2384 3965 elec-

394 3977 569 4018 tionem
593 3976 745 4033 suam]
774 3993 797 4016 *
820 3993 844 4015 *
867 3979 903 4018 F
920 4001 976 4008 —-
993 3980 1017 4018 5
1041 3976 1257 4032 Domino]
1282 3979 1406 4018 BF2
1428 3977 1668 4018 dominum
1695 3979 1732 4018 F
1757 4003 1813 4009 —
1841 3979 1867 4018 6
1898 3977 2085 4033 quidem
2112 3978 2156 4019 d.
2193 3979 2380 4036 fratres]

397 4049 420 4071 ,ι
444 4049 468 4071 *
486 4049 509 4070 *
532 4033 569 4073 F
587 4057 643 4064 —-
666 4032 1023 4088 saepenumero]
1051 4047 1160 4087 sepe
1185 4046 1256 4074 me
1281 4033 1345 4074 F2
1370 4033 1415 4074 in
1440 4047 1531 4075 ras.
1556 4057 1611 4064 —
1633 4035 1655 4075 7
1680 4033 1802 4074 libro
1825 4048 1884 4074 m.
1911 4033 1991 4090 tr.]
2018 4050 2042 4073 *
2058 4036 2173 4075 **F
2190 4059 2246 4066 —
2269 4049 2386 4090 pene

396 4087 458 4144 et]
488 4101 605 4144 pene
629 4089 666 4128 F
684 4102 893 4143 peneque
915 4089 983 4129 1⁸2
1005 4112 1060 4118 —-
1082 4087 1446 4144 inextricabiles]
1473 4091 1511 4130 B
1529 4090 1566 4129 F
1581 4089 1599 4118 2
1627 4089 1737 4130 ...lis
1759 4091 1797 4130 F
1815 4113 1869 4120 —
1891 4091 1916 4130 8
1938 4104 2051 4145 ques
2075 4106 2098 4129 ψ
2122 4106 2146 4128 *
2167 4107 2189 4128 *
2216 4094 2261 4131 et
2277 4093 2315 4131 F
2333 4114 2387 4122 —

396 4145 422 4185 9
444 4143 743 4200 disseruisse]
770 4144 841 4184 dis
863 4160 886 4182 *
908 4145 947 4184 F
972 4168 1028 4175 -
1049 4143 1204 4199 lectio]
1231 4144 1343 4185 add.
1374 4144 1465 4185 ista
1495 4146 1533 4185 F
1557 4168 1613 4176 —
1641 4150 1735 4185 tam
1759 4144 1948 4201 multas]
1976 4161 2000 4184 *
2024 4160 2048 4184 ,ι-
2070 4147 2107 4186 F
2124 4170 2180 4177 —
2203 4147 2254 4187 10
2276 4146 2386 4188 obs-

396 4198 636 4254 curitates]
664 4199 748 4241 obs
772 4216 795 4237 *
810 4200 847 4240 F
866 4223 920 4230 -—
937 4200 984 4240 11
1007 4199 1148 4255 acies]
1172 4200 1297 4241 acias
1317 4201 1355 4240 F
1368 4200 1539 4254 (aciaes
1558 4200 1646 4256 F2)
1664 4225 1720 4233 —
1740 4200 1807 4256 in]
1831 4216 1914 4241 om.
1939 4200 2256 4256 F—dimergi
2281 4216 2324 4257 q.
2342 4208 2389 4243 et

397 4254 493 4310 vix]
520 4254 644 4296 dime
668 4271 692 4293 *
715 4272 738 4293 ἡ
764 4271 787 4293 *
813 4271 836 4293 ιε
859 4256 897 4296 F
915 4279 969 4286 —
992 4256 1042 4296 12
1067 4254 1356 4310 prospicere]
1383 4256 1681 4311 praespicere
1703 4258 1740 4297 F
1761 4256 2028 4312 perspicere
2050 4257 2114 4297 F2
2134 4281 2188 4287 ——
2209 4256 2290 4298 alti
2314 4273 2339 4297 *
2362 4273 2386 4295 ψ

399 4314 496 4351 sset
524 4312 563 4350 F
586 4334 643 4342 -
671 4309 1015 4367 cavillationes]
1045 4311 1113 4352 F2
1146 4310 1301 4353 cabill.
1328 4313 1366 4352 B
1388 4311 1545 4366 capill.
1573 4313 1610 4352 F
1634 4336 1689 4343 —
1712 4312 1763 4353 13
1786 4311 2027 4353 advertere
2058 4312 2147 4369 Ita]
2174 4312 2232 4353 ad
2255 4329 2279 4352 ιν
2307 4329 2331 4352 *
2353 4314 2392 4353 F

398 4365 627 4422 quaeque]
661 4368 699 4407 B
721 4367 789 4406 1³2
818 4379 1002 4421 quoque
1024 4368 1061 4409 F
1080 4390 1134 4397 ——
1158 4366 1209 4407 14
1232 4365 1487 4421 allegoriae
1534 4367 1662 4423 allig.
1688 4369 1726 4408 F
1742 4392 1798 4399 —-
1819 4367 1980 4423 integu
2003 4384 2027 4407 ,ι
2048 4384 2071 4407 *
2098 4368 2257 4409 voluta
2280 4371 2317 4409 F
2337 4392 2386 4401 -

401 4421 738 4479 aenigmatum]
772 4435 826 4462 en
865 4423 976 4464 nim.
1010 4424 1048 4463 F
1072 4446 1129 4454 -
1157 4422 1210 4465 15
1240 4422 1491 4464 obscurata
1544 4422 1629 4464 obs
1650 4440 1674 4462 ιι
1697 4425 1807 4465 F—
1836 4424 2027 4488 queant]
2056 4423 2241 4478 possint
2268 4426 2306 4465 F
2333 4449 2389 4457 —

399 4478 613 4518 Attamen
636 4490 723 4541 ego
746 4492 837 4519 non
879 4479 937 4519 At
954 4494 977 4517 *
997 4493 1021 4516 *
1037 4493 1061 4517 *
1079 4479 1118 4519 F
1136 4500 1190 4509 —-
1208 4478 1261 4519 16
1275 4476 1479 4534 divinae]
1506 4478 1604 4520 ...ni
1622 4480 1661 4520 F
1677 4503 1734 4511 —
1754 4478 1916 4534 pollici
1939 4495 1963 4520 ἡ
1982 4493 2054 4520 ms
2073 4481 2179 4520 F—
2198 4480 2249 4521 17
2263 4479 2389 4523 acci-

399 4531 557 4590 pietis]
583 4546 682 4575 acci
705 4550 726 4571 *
747 4535 784 4575 F
803 4539 844 4576 et
864 4532 999 4575 addit
1019 4534 1204 4591 pulsate
1226 4539 1271 4576 et
1292 4533 1529 4592 aperietur
1551 4533 1685 4576 vobis
1711 4549 1721 4577 ε
1746 4534 1924 4591 querite
1942 4541 1989 4578 et
2005 4535 2052 4576 in
2075 4551 2099 4575 *
2118 4533 2223 4577 ictis

2418 2735 2464 2770 10

2425 3192 2466 3226 15
