2880 5893
509 1091 563 1133 84
1179 1091 1528 1137 TRACTATUS
1560 1090 1836 1138 ORIGENIS

508 1197 731 1275 populo
760 1218 866 1254 suo
894 1197 1246 1255 redderetur
1280 1210 1340 1255 ut
1373 1198 1459 1255 eis
1488 1219 1738 1281 regnum
1773 1199 1883 1256 Dei
1914 1199 2308 1276 praedicaret,
2349 1198 2506 1257 sicut

508 1288 636 1365 ipse
680 1288 829 1346 dixit
881 1289 1053 1348 :Non
1088 1311 1219 1346 sum
1267 1293 1483 1346 missus
1531 1293 1652 1346 nisi
1702 1291 1786 1346 ad
1826 1312 1957 1347 oves
2004 1311 2159 1370 quae
2196 1295 2506 1368 perierunt

506 1380 715 1435 domus
738 1380 932 1438 Israel
952 1380 994 1448 1,
1026 1392 1084 1437 et
1102 1380 1236 1439 Non
1263 1382 1496 1458 expedit
1514 1381 1720 1437 tollere
1738 1402 1959 1459 panem
1986 1381 2252 1457 filiorum
2273 1396 2329 1439 et
2355 1383 2505 1439 dare

506 1471 807 1538 canibus2‚
828 1471 1083 1549 proinde
1099 1493 1217 1529 non
1243 1472 1440 1529 statim
1462 1493 1595 1529 eum
1619 1471 1883 1550 suscepit
1909 1472 2028 1529 filia
2058 1472 2410 1543 PharaoniS,
2440 1472 2504 1529 id

444 1579 468 1614 5
506 1573 597 1618 est
657 1561 924 1619 Ecclesia
984 1584 1054 1619 ex
1111 1562 1415 1642 gentibuS‚
1467 1562 1573 1619 sed
1628 1562 1898 1621 redditus
1950 1576 2041 1621 est
2104 1565 2300 1628 matri,
2364 1562 2503 1642 quia

507 1670 750 1706 necesse
775 1662 900 1707 erat
932 1661 996 1706 ut
1019 1650 1182 1728 prius
1212 1650 1539 1707 secundum
1568 1649 1827 1728 priscam
1863 1650 2058 1729 legem
2088 1650 2418 1709 nutriretur
2444 1661 2501 1707 et

503 1738 591 1797 lac
640 1740 906 1798 eiusdem
951 1740 1103 1820 legis
1142 1740 1305 1798 velut
1354 1752 1559 1819 potum
1600 1743 1918 1819 acciperet,
1978 1743 2130 1799 sicut
2172 1741 2302 1820 ipse
2347 1741 2494 1813 ait:

500 1832 633 1891 Non
658 1837 789 1890 veni
804 1833 985 1912 legem
1005 1853 1301 1890 evacuare
1326 1833 1431 1889 sed
1458 1833 1781 1910 adimplere
1797 1833 1840 1888 3.
1874 1832 2048 1905 Quod
2075 1844 2135 1890 et
2163 1833 2326 1903 fecit,
2358 1831 2498 1890 dum

500 1945 737 1982 omnem
775 1924 1026 2005 legalem
1067 1923 1531 1982 munificentiam
1555 1937 1613 1981 et
1645 1923 1855 2002 implet
1883 1936 1942 1982 et
1970 1935 2187 1984 servat.
2221 1924 2497 2001 Denique

415 2034 461 2070 ιο
498 2036 632 2072 cum
668 2027 725 2072 et
748 2015 1051 2092 leprosum
1081 2015 1426 2072 mundasset
1448 2015 1507 2071 in
1538 2015 1808 2083 sabbam,
1842 2015 2016 2072 iussit
2044 2015 2101 2072 ei
2127 2026 2194 2072 ut
2220 2015 2498 2072 ostende-

497 2118 589 2163 ret
620 2128 683 2163 se
712 2107 1010 2164 sacerdoti
1043 2118 1100 2164 et
1133 2106 1460 2163 secundum
1488 2105 1682 2184 legem
1718 2104 1960 2163 offerret
1998 2105 2051 2163 ei
2095 2118 2193 2163 aut
2225 2127 2331 2183 par
2367 2117 2494 2163 tur-

493 2210 693 2255 turum
725 2210 823 2255 aut
853 2198 1002 2255 duos
1043 2197 1238 2276 pullos
1270 2197 1666 2255 columbinos.
1695 2198 1819 2255 Hoc
1856 2209 1946 2255 est
1980 2218 2125 2279 ergo
2161 2196 2323 2276 quod
2356 2196 2495 2254 red-

495 2288 654 2346 ditus
680 2302 771 2347 est
804 2288 999 2346 infans
1036 2287 1206 2345 matri
1243 2310 1383 2345 suae
1415 2300 1478 2345 ut
1516 2310 1651 2345 eum
1693 2288 1963 2359 lactaret,
2001 2288 2138 2367 quia
2175 2287 2425 2367 Xpistus
2463 2310 2491 2345 a

495 2381 798 2438 nativitate
835 2402 1017 2459 usque
1065 2380 1138 2437 ad
1182 2379 1523 2457 passionem
1560 2379 1620 2436 in
1664 2380 1979 2461 Synagoga
2017 2379 2178 2437 iuxta
2209 2380 2491 2437 observa-

411 2490 455 2526 15
492 2472 716 2528 tionem
764 2471 917 2550 legis
970 2483 1096 2527 erat
1146 2471 1397 2539 futuruS,
1448 2481 1505 2526 et
1558 2469 1643 2526 sic
1698 2468 1853 2526 filiae
1896 2469 2247 2539 PharaoniS‚
2292 2469 2354 2526 id
2401 2481 2491 2526 est

493 2562 794 2620 Ecclesiae
827 2583 899 2619 ex
937 2560 1241 2644 gentibus,
1285 2560 1401 2617 iam
1438 2559 1697 2630 adultuS‚
1745 2561 1858 2617 hoc
1887 2573 1975 2619 est
2012 2573 2149 2638 post
2185 2581 2490 2619 resurrec-

489 2654 734 2719 tionem,
763 2653 1129 2710 reddeudus,
1154 2653 1418 2711 Necdum
1442 2656 1618 2721 enim,
1647 2663 1709 2708 ut
1732 2652 2102 2732 euangelista
2130 2651 2233 2722 ait,
2260 2653 2491 2731 magni-

486 2745 706 2821 ficatus
720 2747 924 2824 fuerat
949 2745 1211 2822 sz'stch,
1232 2747 1376 2823 quia
1406 2743 1653 2799 necdum
1672 2745 1879 2821 fuerat
1898 2765 2123 2820 passus
2141 2742 2184 2802 4.
2214 2742 2487 2821 Denique

488 2848 547 2893 et
577 2847 714 2914 post
741 2835 932 2913 ipsam
960 2834 1363 2893 venerabilem
1393 2834 1891 2891 resurrectionem
1933 2833 2131 2892 statim
2169 2833 2242 2891 ad
2275 2844 2486 2914 gentes

399 2946 448 2981 2⁰
490 2926 647 2984 misit
699 2926 1004 3005 apostolos
1051 2926 1258 2983 dicens
1309 2948 1319 2981 ε
1370 2925 1455 2982 Ite
1498 2926 1580 2983 ad
1620 2946 1818 2982 omnes
1848 2937 2073 3004 gentes,
2115 2925 2486 3003 baptizantes

484 3040 581 3076 eos
615 3020 672 3074 in
699 3023 931 3076 nomine
956 3019 1162 3074 Patris
1196 3029 1252 3079 et
1284 3017 1427 3074 Filii
1449 3030 1504 3073 et
1543 3016 1801 3093 Spiritus
1837 3016 2047 3073 Sancti
2065 3016 2108 3072 5.
2150 3017 2298 3073 Cum
2337 3036 2482 3095 ergo

483 3109 730 3188 Xpistus
792 3108 865 3165 ad
912 3109 1184 3165 nationes
1233 3109 1498 3190 gentium
1554 3108 1858 3185 apostolos
1917 3108 2098 3177 misit,
2148 3118 2290 3164 tunc
2346 3129 2481 3164 eum

484 3213 669 3259 mater
698 3222 800 3258 sua
835 3201 1160 3258 secundum
1196 3220 1433 3257 carnem
1469 3201 1784 3280 Synagoga
1826 3197 2092 3256 reddidit
2129 3197 2285 3256 filiae
2324 3199 2480 3255 Pha-

483 3291 704 3363 raoniS,
741 3291 804 3348 id
833 3302 923 3348 est
951 3290 1254 3348 Ecclesiae
1291 3311 1364 3347 ex
1397 3291 1700 3372 gentibus,

536 3477 577 3519 1.
609 3477 730 3518 ΜΑΤ.
759 3476 852 3525 XV,
876 3476 947 3517 24.

534 3534 573 3573 2.
608 3532 763 3574 Mum.
790 3532 889 3581 vll,
915 3533 984 3573 27.

532 3589 573 3629 3.
608 3588 731 3631 Mu.
753 3587 804 3639 V,
830 3587 898 3628 17.

532 3645 573 3685 [ι.
607 3644 718 3686 Luc.
748 3642 902 3691 XXIV,
928 3642 997 3683 26.

532 3703 570 3740 5.
606 3699 729 3741 Mu.
754 3698 957 3748 XXVIII,
982 3698 1048 3739 19.

527 3923 548 3963 1
582 3922 709 3965 redd.
747 3926 796 3964 ut
817 3921 904 3978 eis]
931 3937 954 3959 *
973 3936 997 3959 *
1017 3937 1042 3959 *
1059 3921 1098 3962 F
1115 3918 1501 3974 —praedicaretJ
1533 3917 1805 3973 praedicare
1836 3918 2029 3961 deberet
2058 3921 2095 3959 F
2120 3943 2178 3951 —
2207 3918 2329 3961 sicut
2357 3919 2393 3960 i.
2425 3917 2471 3960 d.

469 3978 581 4035 non]
609 3995 631 4017 ιν
652 3994 675 4016 *
694 3994 718 4017 *
740 3994 763 4017 *
785 3992 844 4018 on
866 3979 905 4018 F
920 4001 975 4008 —
992 3977 1016 4017 2
1041 3989 1160 4033 quae
1182 3975 1424 4031 perierunt
1440 3975 1485 4015 d.
1514 3973 1679 4030 Israel]
1706 3973 1840 4029 perdi
1863 3990 1887 4012 *
1906 3990 1931 4012 ψ
1951 3990 1974 4012 *
1996 3977 2035 4015 F
2050 3998 2106 4006 -—
2127 3976 2152 4016 3
2175 3975 2383 4017 filiorum
2406 3974 2469 4032 et]

470 4049 494 4073 ,σε
512 4051 536 4074 *
559 4037 597 4075 F
617 4058 673 4066 --
694 4035 720 4074 4
742 4047 847 4074 eum
872 4047 909 4074 s.
935 4031 1051 4088 filia]
1077 4048 1101 4070 νε
1121 4047 1145 4069 *
1163 4047 1187 4069 ψ
1211 4031 1275 4072 lia
1296 4033 1397 4071 F—
1419 4033 1443 4071 5
1466 4029 1683 4085 gentibus
1713 4029 1795 4071 sed
1818 4028 2046 4085 redditus]
2069 4044 2158 4085 gen
2181 4046 2205 4068 *
2225 4046 2250 4068 *
2267 4046 2292 4068 -ι
2317 4044 2338 4071 s
2360 4032 2399 4071 F
2416 4053 2472 4061 -

468 4092 494 4130 6
517 4095 567 4131 ut
596 4105 644 4145 p.
677 4104 714 4130 s.
740 4087 965 4152 priscam]
993 4103 1016 4125 *
1036 4104 1060 4126 ιε
1080 4103 1104 4125 *
1123 4103 1148 4125 ιι
1171 4086 1317 4127 iscam
1342 4109 1399 4117 —
1420 4087 1442 4127 7
1474 4085 1683 4127 eiusdem
1714 4084 1827 4141 leg.]
1855 4101 1878 4122 *
1898 4101 1922 4123 ψ,
1943 4087 1983 4126 F
2010 4109 2062 4116 —
2096 4085 2162 4127 ait
2191 4084 2310 4141 Non]
2337 4101 2362 4123 *
2382 4101 2406 4123 *
2435 4087 2475 4126 F

466 4169 523 4177 —-
544 4146 568 4185 8
592 4144 718 4186 adim
742 4161 765 4182 ,ι
785 4161 809 4183 *
824 4160 848 4183 *
875 4145 982 4185 fecit
999 4144 1105 4183 F—
1121 4144 1148 4183 9
1172 4141 1337 4183 munifi
1361 4157 1384 4179 νε
1404 4157 1427 4178 *
1448 4157 1471 4178 *
1495 4141 1627 4196 nplet
1656 4143 1763 4182 F—
1781 4141 1833 4181 10
1852 4140 1984 4196 lepro
2008 4157 2031 4178 *
2052 4157 2076 4179 *
2099 4146 2197 4182 sset
2217 4144 2255 4182 F
2276 4165 2333 4172 —
2355 4140 2469 4183 sab-

468 4200 597 4257 bato]
624 4200 788 4242 sabato
808 4202 846 4240 F
867 4223 924 4231 —-
944 4198 1004 4254 ei]
1025 4212 1111 4239 om.
1138 4199 1176 4237 F
1193 4222 1249 4228 —
1275 4197 1322 4237 11
1349 4211 1398 4237 se
1423 4195 1674 4252 sacerdoti]
1701 4212 1724 4234 *
1747 4212 1771 4234 -κ
1805 4196 1839 4237 ti
1862 4198 1899 4236 F
1918 4220 1971 4228 --
1999 4195 2206 4252 offerret]
2242 4195 2408 4238 offeret
2433 4197 2473 4236 F

466 4280 522 4289 --
545 4255 798 4311 turturum]
826 4272 850 4294 π
873 4256 911 4295 F
929 4279 981 4286 —
1014 4254 1065 4294 12
1091 4259 1161 4294 est
1187 4267 1300 4308 ergo
1332 4251 1474 4307 quod]
1500 4268 1524 4289 *
1544 4268 1568 4290 *
1588 4267 1611 4289 *
1634 4253 1673 4292 F
1689 4275 1745 4281 —-
1768 4252 1819 4292 13
1850 4251 1975 4307 eum]
2010 4265 2114 4293 eam
2133 4254 2193 4294 F2
2217 4251 2263 4293 in
2295 4267 2387 4295 ras.
2412 4276 2469 4283 --

466 4311 683 4368 lactaret]
714 4328 738 4350 ιε
768 4317 891 4353 taret
915 4312 953 4351 F
982 4305 1041 4340 —'
1069 4309 1121 4349 14
1148 4308 1295 4364 iuxta]
1330 4309 1484 4349 iuxsta
1514 4309 1554 4347 F
1573 4330 1623 4338 —
1649 4308 1699 4349 15
1726 4307 2003 4363 Pharaonis]
2030 4310 2068 4349 F
2086 4322 2173 4350 om.
2199 4310 2236 4348 B
2257 4331 2314 4338 —
2337 4308 2389 4349 16
2411 4321 2466 4349 ex

500 4367 707 4424 entibus]
732 4369 769 4408 F
797 4381 883 4408 om.
908 4368 947 4407 B
966 4390 1022 4396 -—
1044 4366 1098 4405 20
1136 4378 1163 4406 a
1201 4363 1395 4419 ostolos]
1425 4361 1701 4418 supplevi—
1730 4362 1818 4418 Ite]
1853 4363 1923 4404 Ita
1949 4365 1988 4404 F
2005 4387 2060 4394 —
2082 4364 2131 4404 21
2156 4365 2202 4405 in
2225 4376 2282 4404 no
2306 4379 2331 4401 *
2351 4379 2376 4401 *
2397 4378 2421 4401 *
2441 4378 2466 4401 *

463 4382 515 4466 fii
546 4425 583 4464 F
610 4447 659 4455 -
696 4424 749 4464 22
780 4421 840 4463 ad
876 4436 919 4463 n.
961 4418 1171 4475 gentium
1227 4435 1252 4458 α·
1279 4436 1302 4457 *
1331 4435 1355 4457 *
1385 4419 1509 4460 cium
1544 4420 1582 4460 F
1610 4442 1662 4449 -
1688 4417 1835 4475 misit]
1863 4419 1921 4458 F2
1953 4417 1998 4460 in
2034 4433 2127 4461 ras.
2162 4419 2306 4460 mittit
2336 4421 2376 4460 B
2408 4442 2466 4449 —

464 4479 517 4520 23
538 4484 688 4520 mater
726 4492 764 4521 s.
803 4474 1076 4531 secundum]
1116 4492 1140 4514 ψ
1160 4492 1185 4514 *
1208 4491 1232 4514 *
1265 4477 1303 4515 F
1323 4497 1379 4506 —
1400 4473 1523 4516 filiae
1555 4472 1715 4530 Pham]
1741 4489 1767 4512 *
1788 4489 1813 4512 ψ
1834 4475 1874 4514 F
1904 4497 1961 4506 -—
1990 4475 2045 4516 24
2067 4473 2312 4530 eeclesiae]
2345 4477 2385 4515 B
2401 4474 2461 4514 ΓΞ

468 4534 597 4578 ...sia
620 4536 658 4576 F
