2880 5893
468 2030 515 2064 10

472 2485 518 2521 15

474 2942 523 2977 2⁰

549 1080 629 1123 108
1213 1081 1563 1127 TRACTATUS
1594 1081 1875 1129 ORIGENIS

546 1184 685 1254 tiae,
700 1184 836 1264 quia
852 1197 1045 1242 castos
1059 1184 1260 1267 diligit
1273 1187 1454 1243 Deus.
1470 1188 1577 1244 Est
1591 1198 1650 1244 et
1662 1186 2015 1244 sacrificium
2028 1186 2335 1244 salutare..
2348 1230 2387 1256 .,
2405 1183 2544 1265 quia

547 1276 790 1346 FeliceS,
827 1276 1042 1354 inquit,
1061 1298 1217 1354 puro
1240 1279 1436 1347 corde,
1460 1281 1575 1356 ipsi
1594 1281 1746 1336 enim
1774 1279 1964 1336 Deum
1991 1277 2317 1337 videbunt&
2353 1278 2461 1334 Est
2488 1289 2546 1334 et

550 1366 902 1425 sacrificium
920 1367 1150 1425 timoris
1163 1369 1273 1425 Dei
1283 1380 1343 1426 et
1353 1369 1544 1427 bonae
1556 1369 1951 1427 credulitatis,
1969 1369 2242 1448 Denique
2257 1380 2316 1425 et
2330 1369 2541 1425 beatus

548 1457 854 1536 apostolus
886 1458 1102 1516 Paulus
1138 1459 1648 1517 conversationem
1682 1472 2021 1517 sanctorum
2058 1460 2314 1517 hostiam
2357 1458 2547 1516 vivam

548 1551 676 1607 Deo
711 1549 1044 1627 placentem
1079 1550 1402 1629 appellavit
1437 1550 1644 1608 dicens
1687 1573 1699 1607 ε
1734 1551 2023 1609 Exhibete
2058 1572 2313 1628 corpora
2353 1562 2548 1607 vestra

550 1640 801 1697 hostiam
818 1644 1004 1699 vivam
1011 1640 1340 1720 placentem
1354 1642 1497 1712 Dm,
1514 1641 1869 1699 rationabile
1880 1642 2218 1722 obsequium
2235 1640 2546 1698 vestrum2.

556 1732 674 1790 Sed
707 1744 765 1789 et
795 1731 1204 1790 sanctissimus
1236 1734 1539 1790 Barnabas
1573 1755 1585 1790 :
1612 1734 1731 1790 Pet·
1757 1737 1944 1811 ipsum
1973 1735 2295 1813 offerimus,
2329 1730 2546 1810 inquit,

551 1824 670 1881 Deo
699 1823 896 1880 laudis
926 1824 1179 1881 hostiam
1209 1824 1500 1881 labiorum
1533 1824 1935 1902 confitentium
1970 1827 2199 1881 nomini
2228 1828 2355 1880 eius
2369 1822 2411 1880 3.
2452 1820 2552 1880 Sic

552 1936 695 1994 ergo
732 1935 979 1992 corpora
1005 1927 1208 1974 nostra
1246 1915 1502 1974 hostiam
1535 1919 1662 1975 Deo
1693 1915 2027 1995 placentem
2058 1914 2386 1983 offerimus,
2418 1934 2551 1971 cum

552 2006 612 2063 in
628 2006 788 2064 omni
807 2005 1116 2064 sanctitate
1133 2019 1193 2064 et
1209 2006 1498 2086 pudicitia
1510 2053 1523 2077 ,
1541 2007 1878 2065 innocentia
1890 2052 1903 2077 ,
1920 2007 2035 2064 fide
2050 2018 2109 2064 et
2123 2006 2414 2086 religione
2426 2006 2553 2062 Deo

554 2096 864 2154 servimus,
899 2097 1170 2176 Denique
1207 2110 1265 2155 et
1300 2097 1587 2177 templum
1616 2099 1725 2156 Dei
1754 2097 2030 2168 dicimur,
2065 2096 2218 2154 sicut
2247 2095 2553 2175 apostolus

555 2190 632 2246 ait
659 2211 669 2244 ε
702 2189 998 2268 Templum
1019 2190 1132 2247 Dei
1147 2212 1244 2249 vos
1267 2194 1424 2260 estc’S,
1452 2202 1505 2247 et
1526 2192 1770 2270 spiritus
1794 2190 1909 2247 Dei
1930 2193 1988 2247 in
2017 2188 2175 2247 vobis
2197 2186 2549 2246 inhabitat4.

554 2281 621 2337 In
649 2279 760 2337 hoc
784 2280 1004 2337 etenim
1027 2280 1252 2359 templo
1275 2280 1563 2339 sacrificia
1592 2302 1760 2359 pura,
1803 2280 2021 2338 munda
2047 2278 2330 2337 libamina
2361 2279 2554 2335 bonae

555 2370 1046 2440 conversationiS,
1076 2372 1332 2429 hostiam
1359 2374 1486 2430 Deo
1511 2373 1847 2451 placentem
1884 2374 1941 2429 in
1973 2372 2218 2429 odorem
2249 2370 2554 2427 suavitatis

555 2464 680 2519 Deo
742 2462 1113 2533 exhibemus,
1162 2462 1315 2520 sicut
1368 2463 1674 2542 apostolus
1720 2463 1801 2520 ait
1851 2487 1864 2520 x
1912 2464 2117 2520 Bonus
2177 2463 2322 2519 odor
2367 2462 2557 2541 Xpistc‘

555 2556 814 2611 sumus-5.
850 2553 1120 2611 Diximus
1166 2555 1508 2632 martyrium
1544 2555 1796 2613 hostiam
1834 2554 2023 2611 vivam
2056 2574 2186 2611 esse
2223 2552 2557 2630 placentem

557 2647 706 2715 Deo,
728 2645 832 2702 sed
857 2658 914 2702 et
932 2645 1337 2726 virginitatem
1355 2645 1710 2703 sacrificium
1724 2645 2008 2704 mundum
2037 2666 2188 2702 esse.
2230 2642 2558 2702 Continen-

558 2736 641 2795 tia
666 2757 804 2794 vero
827 2735 1180 2795 rationabile
1209 2736 1602 2795 ministerium
1632 2749 1743 2804 est,
1784 2749 1842 2794 et
1873 2736 2060 2794 oratio
2091 2735 2164 2793 de
2192 2734 2370 2792 corde
2406 2754 2559 2812 puro

561 2840 801 2906 accepta
865 2840 956 2885 est
1040 2829 1189 2888 Deo.
1261 2828 1535 2907 Denique
1602 2827 1905 2885 orationes
1986 2839 2330 2885 sanctorum
2400 2824 2561 2882 velut

561 2919 942 2997 thymiamata
987 2942 1097 2998 per
1136 2941 1372 2977 manum
1402 2919 1596 3002 angeli
1630 2918 1888 2978 Domino
1924 2916 2284 2988 offeruntur,
2317 2916 2472 2973 sicut
2498 2916 2560 2974 in

562 3010 969 3089 Apocalypsi⁶
1011 3023 1100 3069 est
1151 3032 1606 3091 recognoscere.
1654 3012 1730 3069 Et
1777 3011 1851 3068 de
1893 3010 2022 3068 viva
2062 3009 2256 3066 hostia
2312 3007 2558 3077 dicitur,

564 3103 701 3180 quia
754 3103 908 3160 bona
948 3103 1321 3160 conversatio
1372 3115 1712 3161 sanctorum
1762 3100 2021 3180 speciem
2075 3100 2306 3170 mortiS‚
2359 3098 2419 3156 id
2473 3109 2564 3156 est

621 3267 662 3308 1.
696 3266 819 3308 MA‘r.
844 3266 897 3313 V,
922 3266 962 3307 8.

621 3323 661 3363 2.
698 3322 817 3364 Rom.
844 3322 940 3369 XII,
969 3322 1007 3362 1.

620 3379 662 3419 3.
696 3378 813 3419 ΗΕΒ.
843 3377 964 3426 XIII,
991 3378 1060 3419 15.

620 3435 662 3475 4.
696 3434 714 3474 l
738 3432 854 3476 Con.
880 3433 962 3483 111,
989 3433 1056 3473 16.

622 3492 661 3530 5.
697 3489 737 3531 11
767 3488 882 3531 Coa.
907 3489 966 3537 ll,
991 3488 1060 3530 15.

621 3546 663 3587 6.
698 3546 779 3587 Ar.
800 3543 922 3597 VIII,
941 3546 982 3585 3.

625 3707 645 3748 1
668 3707 892 3764 salutare]
912 3706 1020 3749 add.
1042 3709 1081 3748 B
1099 3708 1138 3747 F
1143 3706 1368 3763 glossema
1383 3706 1611 3748 habentes
1625 3704 1879 3763 (praemisit
1893 3703 2035 3763 utF2)
2050 3718 2218 3746 uxores
2233 3702 2364 3756 (add.
2385 3700 2480 3743 sint
2492 3700 2568 3758 ΡΙ)

570 3771 812 3818 tamquam
838 3778 929 3804 non
952 3763 1178 3804 habentes
1202 3762 1353 3818 (tamq
1371 3778 1395 3800 *
1419 3779 1443 3801 ,ι
1465 3778 1489 3801 *
1512 3762 1565 3818 F)
1587 3786 1643 3793 ——
1669 3761 1798 3818 quia]
1824 3763 1862 3802 B
1880 3762 1918 3802 F
1934 3762 1953 3790 ²
1976 3774 2066 3816 que
2087 3762 2126 3801 F
2153 3783 2202 3791 —
2234 3760 2258 3800 2
2285 3758 2424 3799 corde
2457 3757 2490 3800 i.
2527 3771 2565 3798 e.

572 3820 736 3876 Deum]
764 3836 787 3858 *
808 3834 832 3858 ,ιν
856 3835 880 3858 *
897 3835 919 3857 ὴ
942 3821 981 3858 F
998 3843 1054 3850 —
1074 3819 1099 3858 3
1126 3817 1295 3859 sacri*
1315 3833 1340 3856 2*
1363 3834 1387 3857 ιν
1408 3833 1432 3857 ἡ
1455 3818 1579 3858 bona
1606 3816 1707 3874 (pro
1730 3815 1897 3873 bonae)
1921 3818 1959 3857 F
1976 3839 2033 3848 -
2052 3820 2098 3858 et
2124 3815 2170 3857 h.
2196 3813 2376 3870 apost]
2398 3829 2422 3852 ά
2446 3829 2470 3851 *
2490 3829 2513 3851 *
2537 3815 2574 3853 F

570 3908 626 3915 --
645 3885 671 3923 4
691 3888 956 3924 sanctorum
976 3881 1024 3922 h.
1048 3895 1092 3923 v.
1117 3881 1229 3938 Deo]
1261 3873 1340 3922 sco
1358 3897 1381 3919 *
1405 3897 1428 3920 *
1450 3897 1473 3920 ἡ
1492 3897 1516 3920 *
1534 3882 1636 3921 F—
1650 3884 1673 3922 5
1692 3880 1851 3922 dicens
1870 3878 2112 3935 Exhibete]
2136 3877 2236 3920 dice
2256 3893 2316 3916 ἡ*
2335 3879 2373 3917 F
2392 3881 2435 3917 et
2457 3875 2568 3918 add.

572 3938 735 3994 inquid
769 3962 824 3970 -—-
860 3940 886 3978 6
917 3937 1072 3978 vivam
1104 3936 1387 3993 placentem]
1417 3953 1440 3974 ιν
1464 3953 1486 3974 *
1522 3942 1699 3977 centem
1743 3937 1781 3976 F
1805 3960 1862 3967 —
1891 3934 2169 3990 obsequium
2210 3937 2420 3975 vestrum
2457 3930 2566 3986 Sed]

574 3994 685 4036 mist
707 4010 731 4033 ιι
752 4010 776 4033 *
798 4010 821 4032 νε
843 3995 881 4034 F
899 4017 955 4024 —-
979 3993 1002 4033 7
1030 3991 1269 4034 offerimus
1290 3991 1458 4048 inquit]
1483 3993 1534 4033 of
1554 4009 1577 4030 ,ι
1602 4009 1626 4030 *
1650 3991 1761 4046 quid
1779 4015 1835 4022 —-
1851 3993 1878 4033 9
1900 4003 2100 4048 corpora
2122 3988 2303 4045 nostra]
2334 4001 2477 4044 corpo
2499 4001 2527 4027 t
2546 4002 2570 4025 ψ

572 4053 612 4092 F
629 4074 685 4082 —
707 4034 988 4105 placentem]
1018 4047 1250 4089 viventem
1274 4053 1319 4089 et
1349 4048 1547 4102 benepla
1568 4064 1591 4086 ,ε
1617 4064 1640 4086 *
1666 4047 1859 4088 ferimus
1882 4048 1921 4087 F
1937 4070 1993 4077 —
2018 4045 2142 4102 cum]
2169 4044 2279 4088 add.
2310 4045 2403 4087 Deo
2425 4044 2496 4084 F²
2516 4064 2570 4075 —

576 4107 629 4147 10
651 4104 898 4161 pudicitia]
929 4103 1105 4159 scripsi,
1165 4103 1318 4145 udicia
1342 4105 1380 4144 B
1402 4117 1433 4159 p
1452 4119 1476 4141 ιε
1498 4105 1537 4144 F
1557 4127 1614 4134 —
1639 4103 1733 4145 Deo
1758 4101 2008 4158 servimus]
2037 4114 2084 4142 se
2108 4117 2132 4140 *
2156 4117 2180 4139 «ε
2203 4102 2242 4141 F
2270 4123 2316 4132 —
2345 4099 2394 4140 11
2428 4112 2571 4153 apos-

574 4160 718 4217 tolus]
747 4162 902 4201 *F—
929 4160 981 4201 12
1003 4158 1049 4200 in
1077 4172 1132 4200 vo
1169 4159 1228 4223 is]
1259 4159 1530 4200 **I·'-‘l3
1552 4157 1691 4214 pura]
1719 4174 1743 4196 *
1766 4156 2042 4199 F—14h*
2070 4155 2185 4198 tiam
2213 4157 2323 4196 F—
2346 4153 2458 4209 Deo]
2489 4155 2575 4193 *F

575 4241 631 4249 —
652 4217 704 4258 16
728 4215 909 4272 sumus]
936 4229 1020 4256 nos
1038 4213 1280 4270 prae-mesic
1299 4216 1337 4256 F
1354 4238 1410 4245 —
1430 4213 1661 4269 Diximus]
1690 4213 1800 4254 add.
1829 4212 1952 4254 enim
1973 4214 2012 4254 F
2028 4236 2085 4244 —-
2107 4210 2281 4266 vivam]
2308 4209 2515 4251 vivivam
2537 4211 2576 4249 F

576 4296 631 4305 —
653 4275 703 4313 17
727 4272 789 4328 et]
816 4286 900 4312 om.
935 4273 972 4312 F
998 4295 1054 4302 —
1083 4271 1134 4311 18
1171 4268 1469 4326 rationabile]
1499 4270 1568 4310 F2
1601 4269 1779 4311 ratione
1801 4271 1839 4309 F
1866 4267 2062 4310 rationis
2085 4270 2123 4308 B
2151 4291 2207 4298 —
2235 4264 2569 4320 ministerium]

576 4328 645 4369 F2
668 4327 947 4383 mysterium
968 4328 1006 4367 B
1024 4324 1285 4367 misterium
1307 4327 1345 4366 F
1363 4347 1415 4356 —
1439 4324 1527 4381 est]
1554 4328 1660 4366 ante
1678 4323 1954 4380 mysterium
1972 4327 2010 4365 B
2026 4348 2083 4356 —-
2104 4322 2166 4378 et]
2191 4320 2410 4377 supplevit
2434 4321 2501 4361 1⁴¹2
2518 4344 2572 4351 —-

579 4384 631 4425 19
666 4382 776 4439 Deo]
815 4381 1003 4424 domino
1035 4384 1075 4422 F
1101 4404 1158 4413 —
1190 4380 1396 4436 Denique
1427 4380 1682 4436 orationes]
1717 4396 1741 4419 *
1762 4397 1787 4419 «ι
1809 4382 1848 4420 F
1865 4403 1920 4411 -
1949 4381 2003 4421 20
2032 4376 2359 4441 thymiamata]
2393 4374 2570 4429 scripsi,

580 4437 922 4494 thymiamatha
943 4440 981 4479 B
1003 4436 1116 4479 time
1139 4453 1163 4475 *
1185 4439 1224 4477 F
1246 4435 1381 4478 thimi
1409 4452 1433 4474 *
1455 4437 1522 4477 F²
1544 4461 1600 4468 —
1623 4450 1707 4491 per
1738 4434 1948 4491 manum]
1976 4451 2001 4474 *
2023 4451 2047 4473 *
2073 4436 2111 4475 F
2127 4459 2184 4466 —
2201 4432 2377 4497 angeli]
2404 4448 2428 4470 *
2452 4430 2513 4472 eli
2538 4432 2577 4471 F

580 4509 664 4535 om.
690 4497 729 4536 Β
750 4518 806 4525 --
825 4493 871 4534 in
899 4495 948 4534 A.
975 4492 1063 4548 est]
1086 4509 1109 4530 ιε
1133 4509 1156 4530 *
1180 4508 1204 4530 *
1225 4494 1262 4532 F
1279 4516 1333 4523 —
1352 4490 1399 4535 21
1427 4505 1761 4547 recogonscere
1782 4494 1819 4533 F
1837 4515 1893 4523 -
1913 4488 2021 4532 viva
2042 4488 2218 4546 hostia]
2240 4488 2395 4530 hostia
2417 4503 2442 4526 *
2464 4488 2502 4528 F
2518 4509 2575 4519 -

584 4549 773 4607 dicitur]
799 4566 823 4588 ιι
844 4551 884 4591 F
901 4572 955 4581 —
978 4549 1031 4589 22
1053 4546 1259 4606 speciem
1284 4546 1468 4605 mortis]
1490 4563 1515 4587 *
1538 4563 1563 4586 *
1585 4549 1623 4588 F
